2980 4752
754 245 795 322 64

226 435 318 494 tribus
340 436 428 494 caelo
451 435 582 510 deiecta.
628 434 858 492 Admirationem
890 433 1005 491 deinde
1041 432 1124 492 auxit
1156 432 1244 510 signo
1278 451 1324 490 re-

227 537 327 613 ceptui
347 537 422 595 dato
446 537 527 594 adeo
546 537 709 612 tranquilla
735 535 883 592 serenitas
897 535 1031 603 reddita,
1054 543 1087 593 ut
1102 535 1187 592 uelut
1202 535 1326 591 numine

226 637 327 714 aliquo
350 637 481 696 defensa
504 646 604 696 castra
628 653 806 713 oppugnare
829 637 937 694 iterum
959 635 1063 711 religio
1087 629 1200 694 fuerit'.
1234 635 1324 693 Conf.

227 739 329 797 XXVI
356 756 401 809 11,
426 755 454 813 3.
476 738 551 798 Hor.
574 756 622 813 ep.
644 739 657 795 Ι
678 737 707 811 6,
736 754 760 798 1.
804 737 1025 812 Tempestates
1047 745 1164 813 quanta
1178 737 1326 813 religione

226 840 420 914 suspexerint
434 839 577 907 Romani,
601 847 707 896 notum
729 847 778 897 est
793 855 833 895 ex
844 838 922 896 Liuii
946 838 1121 896 annalibus:
1145 837 1223 899 conf.
1236 838 1328 896 XXV

228 955 256 1016 τ,
281 957 296 1015 7
321 941 377 999 XL
398 955 449 1014 45,
474 957 499 1000 2·
525 940 574 1012 58,
599 955 627 1012 3·

327 1041 372 1098 Illi
394 1041 501 1098 Lucilii
525 1058 631 1099 uersus
655 1042 720 1098 sine
733 1041 825 1099 dubio
849 1041 900 1098 dei
913 1048 983 1098 sunt
997 1042 1101 1113 uerba,
1124 1056 1188 1097 non
1200 1047 1324 1115 poetae,

226 1152 260 1201 ut
281 1144 425 1200 mirentur
446 1160 594 1217 praesens
616 1143 747 1200 indicat:
770 1142 877 1200 Iouem
890 1151 967 1218 puto
979 1141 1076 1200 refelli
1098 1159 1116 1199 a
1139 1141 1232 1199 fratre
1245 1139 1326 1216 Nep-

226 1253 300 1303 tuno
333 1244 384 1319 qui
407 1245 491 1302 dicat
512 1244 671 1302 Romanos
695 1244 808 1302 multos
824 1244 949 1320 quidem
972 1245 1038 1300 dies
1060 1252 1091 1300 et
1106 1259 1240 1311 menses,
1262 1260 1326 1298 non

226 1355 331 1404 tamen
352 1363 408 1421 per
429 1345 629 1421 longinquum
650 1353 771 1420 tempus
794 1345 875 1402 hanc
898 1353 1115 1420 tempestatem
1138 1362 1230 1420 quem
1254 1361 1327 1418 pro·

226 1455 295 1523 pter
305 1446 416 1504 iniusta
426 1445 504 1521 Lupi
515 1446 630 1504 iudicia
643 1446 828 1504 immissurus
840 1447 888 1504 ille
900 1447 938 1504 sit
950 1447 1110 1504 miraturos
1126 1463 1205 1504 esse.
1229 1443 1328 1518 Opor-

226 1557 291 1605 tere
313 1548 439 1622 insuper
460 1546 574 1604 malum
588 1546 720 1604 iudicem
735 1547 814 1604 male
828 1547 936 1622 perire,
959 1555 992 1603 ut
1007 1548 1136 1604 deorum
1156 1545 1231 1601 iram
1245 1545 1327 1602 clare

226 1657 352 1706 cernant
372 1648 522 1708 homines.
565 1647 727 1705 Mittuntur
748 1649 829 1704 enim
857 1667 874 1706 a
897 1648 972 1705 Ioue
998 1654 1195 1722 tempestates
1219 1640 1327 1724 (Hom.

226 1745 258 1809 Π
280 1748 340 1823 365
363 1749 438 1809 Hor.
461 1767 553 1806 carm.
576 1748 590 1806 I
618 1746 649 1824 2)
681 1757 773 1825 atque
795 1757 920 1823 poetam
941 1749 1020 1807 haec
1050 1749 1093 1806 ita
1115 1747 1327 1823 composuisse

226 1859 301 1926 puto
334 1868 502 1908 memorem
523 1849 649 1907 Homeri
671 1845 704 1909 Π
732 1849 793 1925 384
815 1868 882 1926 sqq.
912 1852 963 1908 ubi
994 1852 1035 1908 de
1067 1857 1252 1925 tempestate
1286 1850 1326 1906 ob

228 1952 347 2010 iudices
370 1951 527 2026 improbos
550 1969 568 2008 a
589 1949 663 2009 Ioue
686 1952 761 2008 irato
784 1952 936 2012 immissa:

311 2047 356 2126 ὡς
378 2044 406 2111 δ’
430 2047 493 2112 ὑπὸ
515 2047 646 2111 λαίλαπι
668 2050 759 2111 πᾶσα
781 2049 909 2126 κελαινὴ
936 2048 1058 2127 βέβριθε
1081 2048 1168 2127 χθών

311 2149 404 2228 ἤματ’
428 2147 587 2233 ὀπωρινῷ,
610 2147 664 2212 ὅτε
687 2149 888 2228 λαβρότατον
911 2150 977 2229 χέει
998 2149 1085 2230 ὕδωρ

311 2249 405 2329 Ζεύς,
427 2248 482 2314 ὅτε
504 2250 543 2328 δή
572 2248 598 2329 ῥ’
623 2248 779 2328 ἄνδρεσσι
801 2251 1044 2330 κοτεσσάμενος
1067 2249 1242 2334 χαλεπήνῃ,

312 2350 343 2414 οἳ
366 2350 416 2434 βίῃ
439 2349 498 2414 εἰν
520 2349 642 2436 ἀγορῇ
665 2352 828 2430 σκολιὰς
851 2352 1011 2431 κρίνωσι
1034 2351 1231 2429 θέμιστας,

312 2450 347 2514 ἐκ
370 2452 406 2514 δέ
428 2450 519 2529 δίκην
540 2451 693 2532 ἐλάσωσι,
716 2456 800 2517 θεῶν
822 2451 895 2518 ὄπιν
917 2453 976 2517 οὐκ
999 2451 1171 2529 ἀλέγοντες

229 2573 256 2614 e.
268 2573 298 2631 q.
308 2573 331 2615 s,
344 2554 424 2615 conl.
437 2553 553 2614 Callim.
567 2555 667 2632 hymn.
679 2558 710 2614 in
722 2557 785 2615 Iou.
798 2557 848 2616 81.
872 2557 969 2617 Plaut.
983 2556 1062 2616 Rud.
1074 2557 1150 2632 prol.
1163 2574 1197 2631 15
1213 2558 1328 2615 Preller

230 2656 282 2716 Gr.
292 2656 419 2731 Mythol.
432 2655 486 2731 lp.
503 2671 570 2716 120.
586 2656 675 2728 Quae
687 2658 805 2714 sirecte
817 2658 945 2727 conieci,
963 2657 1094 2734 aliquam
1108 2667 1325 2735 tempestatem

228 2775 306 2834 quae
329 2757 409 2814 intra
424 2775 535 2814 annum
551 2765 715 2815 exeuntem
729 2755 804 2832 626!
810 2757 865 2815 128
882 2767 914 2816 et
925 2776 979 2816 uer
989 2760 1062 2817 anni
1074 2757 1211 2834 629l125
1228 2776 1325 2835 popu·

226 2859 287 2915 lum
302 2866 452 2916 terruerat
465 2857 639 2916 Romanurn
650 2859 823 2934 respexisse
838 2861 993 2934 putandus
1015 2869 1064 2918 est
1074 2861 1210 2919 Lucilius
1232 2869 1325 2936 atque

226 2961 442 3035 interpretatus
463 2977 533 3018 esse
548 2979 586 3018 ea
602 2960 720 3019 ratione
732 2979 793 3036 qua
811 2960 872 3023 Cic.
885 2965 927 3020 ad
938 2963 1042 3036 Quint.
1058 2964 1092 3024 fr.
1109 2962 1151 3020 ΙΙΙ
1168 2977 1184 3038 7
1209 2971 1325 3038 tempe·

226 3071 339 3121 statem
360 3079 443 3120 anno
467 3061 584 3136 700l54
617 3071 755 3120 coortam
778 3065 930 3124 scribens:
975 3059 1108 3122 ‘Romae
1138 3073 1168 3122 et
1191 3065 1324 3122 maxime

225 3163 325 3239 Appia
348 3164 390 3220 ad
412 3163 518 3220 Martis
541 3163 616 3221 mira
640 3164 778 3224 alluuies
823 3164 1014 3240 Crassipedis
1029 3166 1196 3239 ambulatio
1209 3166 1322 3236 ablata,

225 3264 314 3333 horti,
337 3264 484 3321 tabernae
506 3263 668 3340 plurimae:
692 3283 804 3340 magna
826 3266 872 3322 uis
888 3283 985 3341 aquae
1002 3284 1100 3341 usque
1116 3268 1157 3324 ad
1172 3267 1322 3342 piscinam

225 3366 387 3440 publicam.
441 3365 535 3441 Uiget
567 3366 642 3423 illud
674 3365 816 3423 Homeri:
846 3362 939 3441 ἤματ’
969 3363 1119 3448 ὀπωρινῷ
1143 3415 1148 3428 .
1173 3416 1179 3428 .
1202 3417 1208 3428 .
1231 3368 1324 3444 χαλε-

225 3463 319 3546 πήνῃ.
365 3466 457 3524 Cadit
479 3467 562 3524 enim
584 3468 615 3524 in
639 3467 862 3525 absolutionem
881 3467 1017 3526 Gabinii:
1041 3465 1073 3528 οἵ
1095 3465 1144 3549 βίῃ
1168 3517 1174 3530 .
1199 3517 1227 3530 ..
1253 3465 1324 3529 ἀλέ-

224 3562 361 3642 γοντες’.
380 3636 382 3642 Ι
405 3565 515 3624 Dicere
537 3575 661 3642 poetam
677 3575 792 3626 certam
815 3569 947 3643 aliquem
962 3576 1180 3643 tempestatem
1196 3569 1327 3626 efficitur

226 3687 293 3727 cum
315 3670 398 3738 inde,
422 3661 508 3744 quod
523 3668 583 3726 hoc
605 3670 630 3726 si
647 3669 793 3726 sumimus
816 3669 922 3726 mirum
944 3679 1093 3745 quantum
1105 3672 1190 3745 uiget
1212 3679 1322 3742 satura,

226 3778 290 3826 tum
322 3769 398 3826 hanc
423 3771 603 3844 pronomine
638 3770 790 3845 apposito,
833 3769 918 3826 Bene
948 3773 1089 3846 congruit
1124 3773 1209 3847 quod
1230 3772 1323 3829 lulius

226 3868 411 3947 Obsequens
436 3869 475 3946 89
497 3871 591 3929 refert
613 3874 654 3930 ad
676 3890 790 3929 annum
819 3869 957 3945 628f126
980 3871 1022 3932 M.
1046 3873 1176 3930 Aemilio
1203 3873 1237 3930 L.
1261 3873 1324 3929 Au·

226 3970 300 4028 relio
324 3988 418 4032 coss:
443 3966 614 4052 {Nocturna
636 3981 823 4048 tempestate
845 3973 877 4030 in
898 3970 1048 4047 Capitolio
1072 3972 1187 4048 aliquot
1210 3972 1324 4047 templa

227 4090 377 4131 concussa
411 4082 490 4134 sunt.
536 4075 654 4132 Romae
685 4082 718 4130 et
750 4075 831 4131 circa
865 4072 988 4131 fulmine
1021 4049 1167 4150 pleraque
1201 4075 1324 4131 deiecta

227 4167 321 4235 sunt.’
357 4173 463 4250 Itaque
496 4174 556 4232 hoc
578 4191 659 4231 anno
683 4175 841 4233 concilium
876 4176 1003 4232 deorum
1036 4174 1173 4233 habitum
1201 4174 1324 4230 finxisse
