2998 4744
721 247 759 289 10

289 418 414 477 Secutus
434 427 483 476 est
503 419 584 478 illam
604 389 705 495 legdm
727 422 767 478 de
790 419 877 479 XVII
898 421 1000 480 litteris
1023 439 1042 478 a
1063 417 1203 498 Uarrone
1226 419 1288 477 Iac·

188 527 252 579 tam
274 519 409 594 Nigidius
433 521 565 596 uginus,
588 522 638 597 qui
668 516 713 579 ‘in
735 523 958 580 commentariis
982 523 1042 580 suis
1065 521 1164 580 neck
1187 521 1290 598 posuit

189 640 248 679 nec
269 639 289 696 q
310 639 368 678 nec
390 631 436 680 x.'
461 621 548 679 Idem
570 621 600 678 h‘
616 639 678 678 non
701 640 771 680 esse
793 623 924 681 litteram
949 625 1005 681 sed
1027 631 1131 680 notam
1153 623 1288 699 adspira·

189 723 278 780 tionis
300 716 444 782 tradidit'.
472 719 561 799 (Mar.
591 721 733 780 Uictorin.
755 723 800 780 VI
821 743 851 800 p.
875 722 903 793 8,
931 717 989 796 16).
1019 724 1082 783 Sed
1103 724 1289 799 grammatici

189 822 363 898 posterioris
397 824 540 899 temporis
574 821 719 882 Uarronis
759 825 914 883 sententiis
949 824 1051 883 infesti
1084 844 1154 883 eam
1186 825 1289 900 negle-

190 932 308 983 xerunt.
1284 908 1287 916 ¹

290 1026 449 1084 Postremo
472 1029 533 1085 duo
556 1036 733 1102 argumenta
754 1030 876 1099 addam,
906 1047 958 1086 cur
979 1025 1150 1087 Uarronem
1172 1029 1291 1105 potissi·

190 1146 272 1184 mum
294 1135 448 1184 auctorem
468 1128 585 1186 illorum
600 1130 756 1187 nominum
778 1130 1021 1190 existimauerim.
1055 1129 1188 1188 Primum
1209 1131 1290 1188 enim

189 1247 303 1286 nomen
325 1229 395 1286 illud
417 1248 486 1303 uau,
510 1233 594 1306 quod
616 1250 637 1288 u
658 1233 840 1289 consonanti
861 1229 959 1288 Uarro
987 1231 1130 1307 imposuit
1156 1239 1187 1288 et
1209 1234 1291 1307 apud

189 1339 310 1389 ueteres
332 1332 545 1406 grammatIcos
575 1340 607 1390 et
635 1335 717 1408 apud
746 1351 803 1390 nos
835 1349 931 1409 usque
954 1334 995 1390 ad
1017 1332 1097 1390 bunc
1119 1332 1200 1390 diem
1223 1351 1291 1390 cum

189 1432 297 1489 ceteris
319 1432 482 1491 litterarum
504 1435 676 1493 nominibus
695 1436 814 1495 mansit.
836 1434 925 1494 Conf.
941 1433 1080 1494 Cassiod.
1104 1451 1143 1491 ex
1156 1432 1290 1492 Cornuto

189 1531 252 1589 VII
278 1552 307 1609 p.
334 1533 401 1605 148,
428 1549 479 1594 10:
515 1530 618 1595 ‘Hanc
649 1537 778 1594 litteram
800 1536 964 1594 Terentius
990 1535 1088 1594 Uarro
1123 1536 1196 1592 dum
1228 1534 1292 1592 uult

190 1635 410 1704 demonstrare,
431 1635 473 1692 ita
494 1637 650 1712 perscribit
671 1632 756 1694 uau'.
802 1636 943 1696 Priscian.
966 1636 994 1693 Π
1015 1655 1044 1711 p.
1072 1651 1123 1710 15:
1150 1629 1193 1692 ‘U
1216 1652 1291 1693 uero

189 1735 257 1792 loco
280 1737 476 1794 consonantis
498 1738 598 1812 posita
624 1739 758 1795 eandem
784 1755 907 1814 prorsus
933 1738 965 1794 in
993 1737 1132 1794 omnibus
1154 1737 1216 1794 uim
1238 1736 1292 1794 ha·

190 1835 252 1894 buit
285 1839 367 1912 apud
400 1836 536 1908 Latinos
572 1855 665 1914 quam
697 1840 779 1914 apud
810 1838 915 1896 Aeolis
950 1838 1114 1911 digamma.
1158 1834 1291 1894 Undea

189 1938 342 2014 plerisque
364 1939 393 1996 ei
417 1956 532 1996 nomen
552 1938 611 1997 hoc
632 1940 729 2007 datur,
753 1940 837 2014 quod
859 1940 941 2014 apud
962 1937 1067 1995 Aeolis
1096 1936 1200 1995 habuit
1220 1938 1291 1996 olim

189 2058 211 2097 r
234 2041 398 2113 digamma,
420 2040 451 2097 id
473 2048 520 2098 est
541 2034 628 2097 ‘uau'
651 2041 690 2097 ab
713 2040 806 2114 ipsius
828 2058 905 2097 uoce
926 2039 1096 2115 profectum
1117 2046 1196 2096 teste
1214 2037 1292 2096 Uar·

190 2159 266 2198 rone
298 2149 330 2199 et
351 2139 494 2217 Didymo,
520 2143 570 2219 qui
596 2143 627 2199 id
649 2142 678 2199 ei
698 2159 813 2198 nornen
843 2158 913 2198 esse
947 2134 1134 2199 ostendunt'.
1177 2139 1292 2214 Hagen

190 2242 299 2300 anecd.
330 2241 451 2301 Heluet.
483 2261 513 2318 p.
543 2258 612 2317 223,
642 2241 696 2302 26:
738 2237 861 2319 ‘Figura
891 2243 994 2319 itaque
1028 2241 1104 2299 illins
1137 2241 1292 2317 digamma

189 2351 322 2400 uocatur.
367 2342 507 2402 Potestas
533 2363 607 2402 uero
635 2344 774 2403 eiusdem
801 2364 861 2402 uau
886 2344 1068 2412 nominatur,
1096 2361 1187 2418 quam
1214 2342 1293 2400 acci·

189 2445 307 2520 pientes
329 2444 429 2503 Latini
450 2455 617 2522 posuerunt
639 2464 730 2523 super
750 2465 770 2504 u
796 2454 1017 2504 consonantem
1038 2444 1157 2502 etfacit
1178 2464 1198 2502 u
1219 2463 1291 2502 con·

190 2563 306 2604 sonans
340 2549 423 2622 apud
455 2565 522 2620 nos,
558 2550 642 2623 quod
675 2548 830 2622 digamma
864 2548 946 2622 apud
975 2539 1127 2602 Graecos'
1149 2588 1186 2603 ..
1219 2545 1289 2606 Ter.

190 2645 300 2706 Scaur.
315 2646 375 2703 VII
397 2665 427 2721 p.
455 2661 501 2722 17,
525 2661 552 2718 5.
576 2648 703 2705 Accedit
725 2647 861 2704 alterum.
904 2644 1001 2702 Uarro
1022 2644 1053 2702 in
1075 2644 1151 2702 libro
1174 2647 1214 2703 de
1237 2664 1290 2703 an·

189 2748 326 2824 tiquitate
353 2748 515 2805 litterarum
542 2749 582 2805 ad
605 2747 639 2806 L.
663 2748 786 2805 Accium
818 2746 959 2822 exposuit
990 2754 1069 2804 teste
1091 2745 1240 2822 Pompeio
1263 2746 1291 2803 V

189 2868 219 2925 p.
242 2847 293 2924 98,
318 2865 354 2906 22
378 2843 470 2906 ‘olim
485 2849 558 2906 XVI
582 2849 686 2918 fuisse,
708 2857 818 2925 postea
839 2867 879 2906 ex
901 2847 1051 2924 superfluo
1075 2848 1195 2906 additas
1217 2848 1291 2906 alias

189 2951 300 3008 litteras
333 2957 365 3006 et
396 2949 490 3008 factas
521 2945 646 3010 XXIII'.
700 2949 881 3024 (Wilmanns
916 2951 945 3008 d.
977 2948 1063 3009 Uarr.
1091 2948 1173 3009 libris
1195 2966 1290 3022 gram.

189 3069 219 3128 p.
244 3048 328 3125 219).
374 3049 450 3109 Cum
472 3070 545 3110 uero
568 3053 697 3110 sciamus
719 3052 891 3111 Uarronem
911 3050 999 3107 XVII
1022 3050 1089 3108 illas
1110 3068 1172 3108 una
1192 3049 1291 3106 nomi·

189 3171 262 3210 num
284 3152 401 3209 ratione
423 3153 661 3227 comprehensas
684 3154 796 3210 litteras
816 3153 975 3228 probasse,
1002 3151 1058 3208 has
1081 3150 1155 3208 XVI
1177 3150 1290 3225 priscas

191 3255 255 3312 sine
278 3253 370 3311 dubio
403 3253 474 3310 dicit
506 3254 635 3312 easdem
668 3262 798 3329 excepta
827 3271 847 3326 g
870 3253 977 3322 littera,
1011 3271 1103 3328 quam
1136 3250 1291 3310 addidisse

191 3355 243 3430 Sp.
266 3353 427 3413 Caruilium
451 3353 501 3430 Sp.
525 3354 545 3411 1.
576 3355 642 3430 ipse
662 3353 760 3412 Uarro
794 3361 899 3412 auctor
927 3361 982 3413 est.
1017 3351 1106 3426 (Plnt.
1129 3370 1179 3426 qu.
1200 3351 1289 3410 Rom.

192 3471 242 3531 54.
266 3451 318 3531 59)
328 3453 360 3530 ¹).
409 3454 490 3513 Dein
512 3456 543 3513 in
563 3455 613 3512 illo
634 3455 709 3513 libro
733 3454 895 3530 explicauit
914 3449 1066 3532 (Pompei.
1089 3454 1107 3512 l.
1124 3449 1157 3526 l.)
1179 3445 1226 3508 ‘et
1240 3469 1292 3508 cur

191 3566 236 3616 tot
258 3559 317 3615 sint
337 3565 369 3615 et
390 3575 484 3634 quare
505 3576 544 3615 eo
567 3557 673 3616 ordine
690 3557 810 3632 positae
832 3563 865 3613 et
886 3573 979 3632 quare
1001 3557 1099 3614 isdem
1119 3552 1290 3611 nomInibus

190 3653 384 3732 uocatae'2).
427 3659 513 3716 Idem
535 3677 565 3735 p.
591 3656 659 3727 108,
686 3673 720 3730 13
752 3652 831 3715 ‘Illic
852 3664 1105 3716 commemoratur
1134 3654 1184 3730 qui
1210 3654 1292 3712 illam

292 3891 312 3961 ¹)
329 3893 390 3944 Ter.
410 3891 499 3943 Scaur.
518 3892 574 3941 VII
595 3909 620 3958 p.
633 3903 664 3956 15
687 3891 768 3941 ualde
785 3891 880 3957 ineptit
897 3892 924 3941 in
936 3890 1075 3942 refutanda
1087 3888 1214 3940 Uarronis
1235 3903 1292 3939 sen·

191 3983 273 4032 tentia
292 3983 325 4032 de
344 3981 363 4030 k
383 3988 409 4031 et
429 3997 442 4031 c
461 3980 564 4032 litteris.

292 4071 314 4140 ²)
331 4070 456 4122 Priscian.
475 4071 514 4120 K.
532 4071 560 4120 11
578 4087 603 4136 p.
615 4070 644 4119 8:
664 4069 710 4121 ‘Et
729 4073 788 4120 sunt
805 4068 1003 4120 indeclinabilia
1020 4073 1074 4118 tam
1092 4067 1163 4133 apud
1173 4066 1290 4117 Graecos

191 4161 382 4213 elementorum
399 4161 505 4211 nomina
522 4175 601 4226 quam
621 4160 692 4226 apud
709 4159 826 4220 Latinos,
846 4160 903 4210 sIue
923 4157 995 4226 quod
1013 4172 1029 4207 a
1046 4157 1165 4208 barbaris
1183 4156 1293 4208 inuenta
