2980 4752
700 243 739 303 79

264 411 315 476 καὶ
337 415 486 476 σιτευτοῦ
509 411 608 490 χηνὸς
630 409 711 488 ὁμοῦ
733 409 868 475 σκεύαζε
890 409 1024 474 νεοττόν

255 511 356 576 ὀπτὸν
379 513 490 591 ἁπλῶς
513 512 565 575 καὶ
588 511 682 574 τόνδε

169 618 222 676 ubi
245 614 393 678 σιτευτόν
416 618 536 692 scripsit
556 617 746 674 Archestrati
769 617 870 673 editor
891 615 937 676 W.
951 617 1092 674 Ribbeck
1101 615 1135 692 ¹),
1157 618 1268 675 rectius

169 719 328 794 intelleges
352 728 528 794 comparato
552 718 660 774 Lucilii
682 737 711 776 u.
739 716 818 774 1160
840 718 864 774 L
889 717 917 773 V
943 734 978 791 ¹9
1001 718 1034 774 M

471 820 586 876 anseris
611 817 726 876 herbili’
750 817 842 876 uirus·

168 917 230 975 Hic
253 921 335 976 uirus
360 937 414 995 pro
449 921 545 977 fetore
570 937 648 990 esse,
676 920 734 976 hoc
765 927 814 976 est
835 937 891 992 pro
913 935 986 986 oue,
1020 919 1113 975 docet
1135 917 1269 987 Seruius,

169 1019 291 1076 herbilis
310 1022 494 1080 uocabulum
517 1022 688 1095 significare
712 1039 854 1078 anserem
877 1019 978 1076 herbis
1000 1028 1123 1095 pastum
1147 1020 1268 1080 Paulus,

169 1122 234 1179 Illic
273 1118 406 1182 νεοττὸν
442 1117 542 1183 ὀπτόν
585 1125 669 1180 idem
709 1132 756 1180 est
794 1123 878 1198 quod
915 1119 982 1202 ᾡοῦ
1020 1116 1122 1181 ὀπτοῦ
1153 1118 1271 1196 κροκόν

171 1241 220 1298 ap.
241 1224 380 1307 Theoph.
404 1225 506 1284 Nonn.
530 1224 588 1298 46:
614 1227 685 1282 uide
708 1226 789 1282 enim
806 1233 923 1299 quanto
945 1225 1058 1280 rectius
1081 1225 1131 1281 oui
1153 1225 1269 1281 mentio

170 1325 224 1381 fiat
246 1343 338 1401 quam
360 1327 442 1400 pulli.
487 1323 642 1401 Νεοττός·
664 1321 684 1398 ἡ
707 1325 765 1385 τοῦ
780 1323 847 1405 ᾡοῦ
868 1321 996 1397 λέκιθος
1020 1319 1072 1384 καὶ
1086 1319 1124 1383 τὸ
1145 1319 1269 1398 πυῤῥόν

171 1425 295 1482 Photius
318 1436 350 1483 et
372 1426 484 1486 Suidas
507 1429 677 1503 explicant:
701 1428 781 1485 conf.
799 1428 892 1487 Mein.
918 1445 995 1484 com.
1013 1426 1065 1484 Gr.
1077 1442 1106 1498 4,
1125 1425 1174 1486 81.
1192 1441 1267 1502 427:

171 1528 298 1585 similem
321 1529 576 1604 significationem
598 1531 629 1586 in
651 1548 679 1588 u.
696 1529 886 1587 Archestrati
907 1546 964 1586 usu
979 1528 1085 1585 uenire
1109 1546 1148 1584 ex
1162 1527 1270 1584 Lucilii

169 1630 269 1686 uerbis
291 1631 451 1688 uerisimile
476 1640 531 1690 est.
576 1625 675 1705 Ὁμοῦ
689 1631 841 1688 uocabulo
864 1630 988 1704 planum
1000 1639 1059 1697 est,
1082 1631 1131 1706 agi
1153 1631 1193 1686 de
1209 1629 1270 1686 cibi

170 1733 405 1806 praeparatione
429 1733 475 1789 cui
508 1750 576 1789 cum
597 1733 659 1790 alia
688 1741 751 1789 tum
780 1749 872 1789 ouum
905 1731 1021 1789 anseris
1055 1730 1144 1788 altilis
1166 1748 1270 1788 assum

171 1831 245 1887 addi
266 1831 397 1900 iubetur,
431 1833 508 1890 sicut
530 1834 685 1908 torpedini
715 1833 814 1890 elixae
848 1831 899 1888 oui
920 1831 1056 1888 medium
1081 1831 1155 1888 addi
1184 1830 1270 1888 iubet

169 1932 294 2006 Apicius
317 1933 361 1989 IX
385 1949 412 1994 2.

270 2033 405 2091 Maxime
428 2054 502 2092 uero
525 2039 567 2094 ad
602 2054 741 2112 eaquae
768 2035 865 2110 primo
892 2035 981 2110 posui
1010 2036 1073 2092 duo
1097 2035 1268 2109 fragmenta

170 2135 303 2208 pertinet
326 2144 408 2193 totus
431 2137 478 2193 ille
501 2137 587 2194 locus
612 2136 676 2198 Cic.
701 2139 741 2193 de
756 2137 805 2196 lin.
820 2137 914 2209 1123:
938 2131 1096 2206 ‘Mundos
1110 2136 1268 2210 elegantis

170 2236 292 2309 optimis
309 2236 401 2305 cocis,
416 2237 593 2310 pistoribus,
608 2239 738 2318 piscatu,
756 2238 894 2313 aucupio,
911 2238 1086 2306 uenatione,
1110 2237 1155 2294 his
1172 2237 1268 2294 omni·

171 2336 228 2393 bus
244 2337 410 2412 exquisitis,
427 2338 550 2396 uitantis
566 2339 759 2407 eruditatem,
776 2339 885 2412 quibus
901 2339 1005 2396 uinum
1017 2338 1160 2397 defusum
1174 2358 1193 2396 e
1205 2339 1267 2396 lino

171 2437 210 2494 sit
231 2433 382 2511 χρυσίζον
397 2447 431 2493 ut
448 2438 489 2495 ait
509 2439 649 2506 Lucilius
674 2439 722 2495 cui
744 2439 816 2496 nihil
838 2437 857 2511 i
873 2440 947 2496 dum
968 2439 1007 2496 sit
1020 2440 1065 2497 uis
1080 2447 1113 2496 et
1126 2440 1267 2498 sacculus

171 2538 339 2606 abstulerit,
363 2539 536 2596 adhibentis
560 2540 659 2609 ludos
683 2588 689 2599 .
714 2583 720 2596 .
746 2585 752 2599 .
776 2541 878 2598 adsint
909 2541 1002 2597 etiam
1030 2540 1154 2598 formosi
1174 2541 1267 2615 pueri,

170 2639 221 2714 qui
244 2641 427 2709 ministrent;
461 2643 650 2717 respondeat
678 2642 723 2698 his
747 2643 852 2710 uestis,
876 2651 1044 2716 argentum,
1068 2640 1266 2710 Corinthium,

169 2740 252 2798 locus
274 2741 348 2815 ipse,
379 2737 561 2800 aedificium'
585 2791 592 2803 .
617 2792 623 2804 .
648 2739 698 2818 .²).
743 2743 869 2819 Singula
900 2745 931 2801 in
966 2742 1053 2800 huius
1088 2742 1153 2800 libri
1188 2741 1267 2816 lrag·

170 2842 280 2898 mentis
302 2861 471 2917 agnoscere
493 2861 670 2918 possumus:
969 2919 970 2922 Ἴ

721 2964 791 3002 nam
814 2943 977 3021 sumptibu'
999 2945 1117 3021 magnis

254 3054 438 3103 exstructam
455 3047 595 3122 ampliter
609 3064 646 3104 ac
661 3047 794 3106 iucunde
818 3042 917 3121 (alque
940 3066 1002 3104 cum
1014 3044 1122 3123 codd.)
1145 3025 1278 3105 accum-¹

910 3143 1018 3205 -bimu’
1043 3166 1183 3206 mensam

254 3246 336 3303 idem
358 3248 447 3321 epulo
470 3249 555 3306 cibus
579 3257 671 3324 atque
695 3250 804 3325 epulae
825 3250 907 3308 louIs
931 3251 1149 3326 omnipotentis
1173 3295 1180 3309 .
1204 3295 1211 3308 .
1237 3292 1244 3306 .

173 3347 302 3403 Iucunde
334 3350 418 3424 quod
440 3351 585 3424 proposui
607 3368 757 3426 persaepe
789 3351 951 3409 adhibetur
978 3353 1009 3409 in
1036 3370 1132 3409 cenae
1166 3351 1266 3408 lautae

171 3450 394 3522 descriptione:
432 3448 493 3509 Cic.
528 3453 569 3508 ad
600 3452 662 3510 Att.
695 3451 771 3508 XIII
806 3467 844 3525 52
877 3471 914 3510 ex
949 3453 1079 3513 Lucilio:
1110 3447 1202 3509 ‘Edit
1236 3460 1268 3508 et

170 3549 246 3606 bibit
269 3543 373 3623 ἀδεῶς
396 3559 427 3606 et
449 3546 595 3608 iucunde'
624 3570 650 3611 e.
678 3569 707 3626 q.
733 3571 757 3609 s.
790 3551 864 3611 Hor.
890 3561 946 3610 sat.
970 3553 983 3609 l
1008 3568 1035 3633 5,
1064 3568 1104 3629 70
1126 3546 1266 3610 ‘Prorsus

272 3807 294 3874 ²)
322 3807 488 3857 Archestrati
515 3809 648 3874 Syracusii
676 3809 732 3858 siue
761 3808 885 3859 Gelensis
913 3809 1049 3876 reliquiae.
1095 3811 1267 3873 Recognouit

170 3895 217 3946 W.
236 3895 368 3945 Ribbeck
386 3895 475 3946 Berol.
498 3897 565 3960 1877
584 3913 612 3962 p.
629 3909 667 3959 19.

272 3982 292 4048 ²)
310 3983 433 4032 Tractaui
452 3982 518 4032 haec
530 3985 613 4032 uerba
631 3985 659 4032 in
677 3983 774 4033 libello
795 3985 924 4034 seminarii
938 3985 1086 4034 Bonnensis
1106 4001 1174 4034 anno
1197 3985 1261 4040 1881

172 4070 245 4118 edito
265 4086 289 4134 p.
313 4084 335 4122 1.
356 4099 388 4108 -
409 4071 486 4122 Cous.
504 4071 621 4136 inprimIs
640 4071 837 4121 coniunctiuum
857 4074 927 4138 apud
947 4075 1100 4123 Ciceronem
1118 4073 1264 4123 adhibitum

171 4157 289 4206 similiter
308 4166 385 4225 atque
404 4177 428 4210 u.
452 4172 514 4222 1091
537 4161 560 4208 L
577 4160 628 4210 inc.
648 4173 682 4224 97
703 4163 741 4212 M.
