2980 4752
670 230 709 308 83

135 414 304 491 πειρατικὰ
339 415 552 478 συνίστασθαι
574 414 715 494 Τρύφων
749 414 853 493 αἴτιος
877 415 1017 494 κατέστη
1052 417 1103 480 καὶ
1135 399 1241 493 ἡτῶν

133 516 297 592 βασιλέων
314 515 462 580 οὐδένεια
484 520 548 581 τῶν
570 515 643 580 τότε
667 517 702 579 ἐκ
720 520 874 595 διαδοχῆς
899 517 1158 582 ἐπιστατούντων
1180 521 1239 595 τῆς

133 616 252 694 Συρίας
278 615 346 693 ἅμα
379 618 430 680 καὶ
457 621 515 696 τῆς
539 618 677 696 Κιλικίας
701 668 706 680 .
730 669 736 681 .
762 668 767 681 .
792 617 978 696 Συνήργουν
1009 615 1036 682 δ’
1066 617 1112 698 εἰς
1139 621 1239 682 ταῦτα

132 716 182 778 καί
209 716 241 779 οἱ
278 722 339 796 τῆς
374 719 499 796 Κύπρου
534 720 585 783 καὶ
619 719 649 781 οἱ
682 721 741 797 τῆς
764 717 923 795 Αἰγύπτου
956 722 1098 799 βασιλεῖς
1132 719 1240 798 ἐχθροὶ

131 820 200 896 τοῖς
225 819 349 897 Σύροις
372 818 479 897 ὄντες·
513 819 581 884 οὐδ’
607 819 641 882 oi
664 819 803 883 Ῥόδιοι
839 822 873 884 δὲ
902 821 990 900 φίλοι
1019 819 1104 898 ἦσαν
1127 821 1238 898 αὐτοῖς

131 917 209 981 ὥστ’
239 919 341 984 οὐδὲν
362 920 531 1000 ἐβοήθουν·
555 920 620 998 ἅμα
642 922 678 984 δὲ
700 921 751 984 καὶ
774 920 804 983 οἱ
827 921 941 1004 λῃσταί
967 922 1240 1000 προσποιούμενοι

131 1025 404 1099 σωματεμπορεῑν
436 1020 555 1085 ἄλυτον
591 1023 649 1098 τὴν
687 1022 882 1100 κακουργίαν
921 1020 1019 1100 εἰχον.
1056 1021 1137 1086 Ἀλλ’
1161 1022 1238 1086 οὐδὲ

131 1118 286 1198 Ῥωμαῖοί
320 1123 371 1184 πω
404 1125 564 1185 τοσοῦτον
598 1121 787 1200 ἐφρόντιζον
820 1125 886 1185 τῶν
918 1121 978 1188 ἔξω
1011 1125 1069 1186 τοῦ
1102 1121 1240 1200 Ταύρου,

132 1219 211 1284 ἀλλ’
249 1221 437 1300 ἔπεμψαν
470 1223 539 1299 μὲν
568 1223 629 1285 καὶ
664 1223 856 1285 Σκιπίωνα
891 1223 963 1309 τὸν
983 1221 1241 1300 ·Αἰμιλιανὸν

132 1321 397 1400 ἐπισκεψόμενον
437 1322 477 1386 τὰ
508 1321 583 1400 ἔθνη
606 1324 657 1386 καὶ
691 1324 750 1402 τὰς
784 1323 896 1401 πόλεις
924 1323 976 1386 καὶ
1002 1322 1098 1387 πάλιν
1121 1322 1240 1402 ἄλλους

131 1423 234 1502 τινάς,
251 1423 411 1499 ’ἔγνωσαν
433 1424 468 1487 δὲ
485 1424 578 1506 κακίᾳ
593 1427 658 1486 τῶν
681 1423 849 1502 ἀρχόντων
865 1427 1042 1504 συμβαῖνον
1056 1427 1152 1488 τοῦτο
1176 1414 1249 1490 κτλζ

133 1523 212 1583 Cum
237 1528 364 1584 aliunde
385 1537 491 1585 notum
513 1530 551 1586 sit
568 1529 742 1605 Scipionem
766 1529 859 1586 luisse
883 1538 915 1586 et
946 1530 976 1585 in
992 1529 1134 1604 Aegypto
1157 1538 1188 1585 et
1211 1531 1241 1586 in

133 1627 219 1702 Syria
250 1639 285 1686 et
308 1627 405 1704 Cypri,
429 1630 535 1687 Lucilii
567 1649 657 1688 uersu
691 1631 803 1688 collato
835 1649 903 1688 cum
937 1631 981 1687 eis
1019 1648 1097 1705 quae
1130 1630 1240 1688 Strabo

132 1731 228 1792 tradit
265 1730 375 1804 colligo
409 1732 501 1788 etiam
538 1732 678 1789 Rhodios
696 1728 720 1807 ¹)
753 1751 821 1790 eum
858 1733 980 1792 adiisse.
1018 1761 1057 1772 --
1090 1731 1235 1789 Ceterum

133 1830 303 1888 Ecbatana
326 1839 357 1887 et
379 1832 517 1906 Babylon
539 1835 618 1908 regis
642 1834 782 1908 Syrorum
810 1834 861 1890 illo
887 1842 1025 1908 tempore
1048 1851 1112 1890 non
1138 1843 1236 1901 erant,

134 1949 206 1989 cum
220 1932 391 2006 Babylonia
414 1942 445 1990 et
461 1934 572 2008 Media¹
588 1935 648 1992 iam
670 1943 763 1993 antea
786 1951 804 1992 a
826 1934 1008 1992 Parthorum
1023 1952 1097 2009 rege
1112 1933 1239 1992 Mithra·

135 2034 212 2090 date
229 2034 243 2089 I
269 2042 466 2108 expugnatae
489 2044 602 2104 essent,
625 2036 675 2110 qui
690 2053 786 2110 usque
801 2037 843 2093 ad
858 2035 1037 2111 Euphraten
1056 2036 1142 2110 regni
1164 2035 1238 2092 lines

136 2136 327 2207 protulerat:
357 2134 436 2192 conf.
460 2134 556 2192 Iustin
579 2136 650 2192 XLI
673 2135 691 2193 6
715 2136 804 2194 Oros.
827 2136 856 2191 V
878 2153 906 2210 4,
933 2135 969 2192 16
994 2135 1092 2194 Strab.
1115 2155 1145 2212 p.
1169 2135 1240 2211 669.

136 2234 316 2292 Mommsen
342 2236 379 2292 R.
408 2234 445 2294 G.
474 2236 503 2293 Il
529 2255 558 2310 p.
588 2233 673 2312 61²).
722 2237 891 2294 Antiochus
923 2236 974 2296 Vl.
1013 2236 1134 2294 Sidetes
1167 2237 1239 2296 Pius

136 2333 285 2410 Syrorum
308 2353 361 2393 rex
384 2353 465 2394 anno
481 2335 621 2410 624l13o
641 2355 710 2394 cum
731 2337 816 2393 initio
831 2337 930 2393 Marte
954 2336 1032 2393 felici
1049 2337 1237 2412 Babylonem

135 2447 355 2514 recuperasset
383 2436 562 2512 Parthisque
594 2446 715 2513 praeter
745 2439 860 2512 patrios
893 2438 968 2494 fines
1002 2445 1098 2496 terras
1131 2455 1238 2495 omnes

137 2539 340 2614 dempsisset,
363 2546 520 2613 postremo
533 2557 551 2596 a
565 2538 696 2597 Prahate
712 2539 892 2596 Parthorum
910 2555 982 2612 rege
993 2537 1092 2595 uictus
1115 2538 1241 2596 cecidit:

138 2637 263 2712 (lustin.
295 2639 460 2695 XXXVIII
493 2655 530 2696 10
557 2638 684 2699 Diodor.
712 2638 844 2696 XXXIV
873 2633 1028 2714 15-17.)
1072 2637 1240 2694 Adnotabo

137 2740 275 2814 deniqne
307 2741 348 2797 ad
378 2740 506 2797 formam
540 2740 719 2797 Ecbatanam
750 2749 872 2816 praeter
897 2757 968 2797 eum
1000 2757 1090 2813 quem
1112 2738 1239 2796 Mueller

138 2841 241 2897 attulit
275 2840 384 2908 locum,
414 2840 563 2897 Ptolemai
589 2842 684 2899 uerba
714 2841 786 2898 VllI
818 2857 866 2908 21,
898 2855 916 2914 9
944 2835 964 2912 ἡ
993 2837 1028 2900 δὲ
1061 2834 1240 2915 Ἐκβάτανα

137 2938 198 3015 τὴν
233 2936 385 3015 μεγίστην
421 2935 543 3015 ἡμέραν
575 2937 640 3016 ἔχει
673 2940 737 3001 κτλ.
760 2950 866 3018 7οιιμιο
895 2939 996 2998 Orosii
1018 2940 1047 2996 V
1073 2956 1118 3010 ro,
1142 2940 1161 2998 8
1187 2940 1239 2998 ubi

139 3044 274 3100 eaedem
304 3044 385 3100 duae
408 3043 498 3100 urbes
527 3061 588 3100 una
617 3042 808 3117 appellantur
837 3042 916 3098 sicut
945 3042 976 3098 in
1003 3059 1094 3099 uersu
1115 3041 1238 3100 Lucilii:

138 3138 275 3201 ‘Iisdem
293 3143 478 3219 temporibus
485 3140 511 3215 ὅ)
534 3143 702 3201 Antiochus
725 3161 787 3200 non
803 3151 965 3200 contentus
981 3141 1142 3216 Babylona
1158 3149 1243 3217 atque

141 3243 297 3302 Ecbatana
320 3253 449 3320 totoque
464 3245 588 3304 Mediae
613 3245 738 3321 imperio
761 3246 911 3303 aduersus
935 3243 1097 3302 Phraatem
1113 3243 1241 3302 Partho·

139 3363 207 3404 rum
228 3362 333 3419 regem
355 3363 541 3420 congressus·
560 3356 591 3438 et
612 3347 710 3404 uictus
734 3341 805 3405 est'.

244 3535 263 3604 ¹)
282 3539 323 3586 Ex
349 3543 468 3602 tempore
495 3537 563 3587 belli
581 3538 748 3588 Macedonici
775 3537 846 3588 tertii
873 3536 958 3586 multa
988 3536 1111 3586 exstitere
1141 3533 1236 3601 populi

142 3624 262 3674 Romani
284 3624 437 3674 turbulenta
459 3641 518 3674 cum
542 3625 660 3674 Rhodiis
684 3625 791 3689 negotia
813 3641 866 3690 qua
888 3625 922 3674 de
946 3641 973 3674 re
998 3623 1068 3674 conl.
1087 3623 1238 3672 Mommsen

141 3713 621 3778 R·G·1p·771-77311p-⁶4·

245 3798 264 3867 ²)
283 3804 364 3849 Anno
383 3799 436 3850 lere
456 3800 583 3864 616l138:
603 3800 673 3852 cons.
684 3799 800 3850 Mueller
812 3800 878 3863 frag.
892 3799 952 3852 hist.
968 3800 1012 3850 Gr.
1026 3801 1054 3849 11
1067 3817 1092 3866 p.
1105 3801 1165 3849 XX
1177 3799 1243 3849 Dio·

144 3889 201 3941 dor.
221 3889 261 3939 ed.
283 3888 402 3937 Dindori
417 3887 471 3939 uol.
494 3889 520 3938 V
538 3888 610 3954 Lips.
633 3890 699 3938 1868
719 3905 743 3954 p.
756 3889 866 3940 XXIV.

244 3975 265 4042 ³)
284 3976 391 4026 Scilicet
415 3976 482 4025 inter
501 3975 531 4026 P.
550 3976 683 4026 Licinium
711 3993 765 4027 cos.
785 3977 897 4040 623l131
921 3987 947 4028 et
965 3976 1111 4027 Aemiliani
1130 3982 1242 4026 mortem

144 4079 212 4114 anno
242 4065 356 4128 6251129
386 4062 475 4132 (Oros
494 4065 513 4116 1.
532 4064 570 4130 1.).
600 4091 632 4102 ·-
662 4065 774 4117 Orosius
803 4066 880 4115 etiam
904 4068 943 4117 VI
967 4080 992 4130 4,
1019 4077 1034 4125 9
1064 4065 1242 4122 Ecbatanam‚

146 4152 313 4216 Babyloniam
331 4161 357 4202 et
372 4153 516 4219 Babylona
537 4153 634 4202 formas
654 4153 753 4218 passim
771 4162 886 4218 usurpat.
