2998 4744
723 239 758 281 12

190 416 278 468 tanta
299 408 488 478 auctoritate,
521 427 611 485 quem
634 427 740 467 omnes
763 409 948 486 posteriores
976 417 1182 485 sequerentur.
1225 411 1289 469 Ita·

190 528 250 586 que
282 529 350 568 cum
381 509 484 568 Lucilii
515 511 702 585 temporibus
737 510 804 568 soni
837 510 1002 568 litterarum
1031 529 1087 586 pro
1117 510 1288 570 nominibus

190 619 303 677 essent,
324 610 458 668 nonnulli
490 618 594 668 tamen
616 610 738 669 Graeca
770 610 894 668 nomina
922 611 1102 669 adhiberent
1133 629 1153 668 a
1174 611 1288 670 Lucilio

189 712 361 788 uituperati‚
381 710 479 769 Uarro
502 712 652 769 Reatinus
680 711 711 769 in
736 711 811 769 libro
844 713 884 770 ad
905 712 1039 783 Accium,
1070 729 1161 787 quem
1190 713 1288 787 ipsum

189 830 311 890 quoque
335 815 374 871 de
396 813 454 870 hac
475 830 507 870 re
527 813 628 888 egisse
650 830 689 870 ex
711 813 815 872 Lucilii
838 814 912 871 libro
924 814 967 872 IX
992 823 1129 890 apparet,
1152 816 1190 872 de
1213 815 1288 873 anti-

190 914 303 991 quitate
326 914 491 972 litterarum
522 914 617 972 misso
639 914 682 974 ita
702 915 828 973 nomina
849 915 968 972 ratione
992 924 1023 973 et
1046 916 1147 974 studio
1169 916 1288 990 excogi-

189 1023 253 1073 tata
273 1014 384 1092 posuit,
407 1023 547 1091 utusque
568 1017 609 1073 ad
622 1023 727 1074 nostra
745 1024 886 1090 tempora
908 1016 1068 1075 immutata
1078 1025 1288 1092 permaneant.

289 1361 381 1420 Libro
403 1362 447 1421 IX
475 1382 503 1423 u.
528 1361 636 1421 28oL
670 1378 704 1436 71
731 1362 764 1420 M
791 1371 822 1420 et
843 1382 872 1422 u.
897 1360 1007 1436 845L
1039 1361 1172 1420 XXVIII
1195 1361 1233 1420 28
1256 1363 1289 1421 M

189 1463 398 1522 reconditioris
426 1465 602 1523 eruditionis
626 1464 754 1522 Lucilius
785 1463 914 1541 praebet
942 1465 1122 1541 exemplum,
1151 1483 1219 1522 cum
1241 1483 1289 1523 res

189 1564 353 1641 ephebicas
373 1565 560 1624 Graecorum
582 1574 713 1641 tangens
735 1584 849 1622 nomen
868 1571 1034 1638 paractatoe
1055 1565 1218 1638 exhibeat3
1248 1567 1290 1624 sic

189 1665 270 1721 enim
302 1664 333 1722 in
367 1665 549 1723 editionibus
580 1666 702 1741 quidem
723 1663 814 1722 Nonii
847 1673 878 1721 et
899 1664 1002 1722 Lucilii
1036 1665 1144 1741 legitur
1175 1685 1289 1724 nomen

188 1767 278 1833 istud,
312 1768 394 1842 quod
421 1765 537 1825 Nouius
560 1786 589 1842 p.
612 1765 651 1841 67
685 1766 769 1823 hisce
802 1765 901 1823 uerbis
925 1765 1068 1841 explicat:
1104 1765 1293 1824 Parectatohi

189 1869 245 1942 qui
273 1868 307 1924 de
330 1868 464 1941 pueritia
496 1868 619 1924 ueniunt
646 1867 688 1923 ad
697 1865 892 1940 pubertatem
925 1886 944 1923 a
975 1865 1086 1925 Graeco
1116 1867 1288 1925 uocabulum

187 1973 336 2042 sumptum.
375 1967 522 2025 Secuntur
544 1969 605 2025 duo
628 1967 731 2025 Lucilii
752 1985 867 2040 uersuS,
890 1985 966 2025 unus
988 1966 1030 2025 M.
1043 1965 1198 2036 Uarronis,
1224 1987 1288 2026 cor·

189 2068 351 2143 ruptissimi
372 2087 489 2128 omnes.
533 2071 634 2144 Atque
658 2069 786 2145 primum
809 2068 931 2144 quidem
958 2069 997 2125 de
1020 2067 1078 2125 hoc
1100 2067 1287 2143 epheborum

188 2171 311 2226 nomine
332 2186 433 2244 agam,
462 2170 574 2228 deinde
596 2171 637 2227 de
660 2169 765 2228 Lucilii
796 2177 828 2226 et
850 2167 996 2226 UarronIs
1019 2167 1196 2244 fragmentis
1229 2187 1289 2245 qua

188 2271 368 2346 corrigenda
390 2271 449 2329 sint
471 2271 591 2330 ratione
613 2289 777 2347 exponam.
819 2268 938 2328 Uocem
960 2271 1129 2344 parectatoi
1147 2271 1289 2328 traditam

187 2372 340 2430 codicibus
363 2372 389 2430 L
415 2390 426 2430 1
453 2383 484 2430 et
506 2371 536 2430 G
567 2373 618 2448 qui
643 2373 833 2448 interpretati
855 2381 936 2441 sunt,
969 2373 1115 2430 arcessito
1138 2371 1288 2429 uocabulo

186 2469 404 2549 παρεκτείνειν
425 2475 637 2533 intellexerunt
658 2471 737 2549 τοὺς
749 2469 1042 2548 συγκαθεύδοντας,
1061 2473 1111 2547 qui
1135 2473 1224 2528 iuxta
1236 2489 1288 2527 ex-

186 2575 260 2632 tenti
278 2575 436 2633 aGraecis
458 2576 657 2650 appellentur:
680 2574 858 2631 Lachmann
880 2581 984 2630 tamen
1006 2573 1077 2631 dicit
1098 2590 1131 2630 se
1153 2590 1216 2630 non
1238 2588 1287 2628 ca·

186 2694 258 2752 pere
280 2679 362 2734 unde
385 2677 455 2734 dicti
469 2682 634 2751 paracletos
654 2677 713 2734 siut
722 2673 754 2750 ¹).
787 2674 918 2733 Uersum
939 2673 1044 2731 Luci1ii
1066 2691 1083 2730 e
1106 2673 1181 2731 libro
1203 2691 1287 2732 nono

187 2780 381 2855 desumptum
403 2795 493 2853 quem
514 2779 664 2854 praebent
686 2778 776 2836 codd.
799 2775 824 2834 L
852 2792 863 2833 1
890 2785 923 2834 et
943 2775 972 2832 G
994 2776 1037 2833 sic
1059 2783 1232 2851 corruptum

270 2880 341 2937 inde
363 2876 401 2956 (L
429 2897 439 2938 1
465 2875 559 2956 unde)
583 2887 761 2956 parectatoe
783 2877 948 2936 calamides
971 2895 1007 2935 ac
1028 2876 1155 2934 barbula
1171 2875 1268 2952 prima

187 2998 344 3039 correxere
365 2981 497 3038 editores
520 2982 564 3039 ita

270 3083 342 3140 inde
363 3090 541 3158 parectatoe
564 3091 596 3139 et
617 3083 793 3158 chlamydes
815 3100 851 3139 ac
873 3080 999 3140 barbula
1023 3080 1120 3156 prima

187 3185 243 3241 nisi
265 3185 349 3258 quod
370 3183 500 3241 Mueller
521 3185 639 3258 scripsit
659 3183 726 3240 hinc
747 3182 917 3256 chlamydes.
953 3180 1093 3240 Muelleri
1115 3180 1290 3238 coniectura

187 3286 306 3360 longius
330 3305 348 3343 a
377 3285 494 3342 traditis
521 3284 659 3354 discedit,
691 3285 722 3341 iu
754 3284 804 3342 illa
837 3301 942 3342 uersus
966 3283 1064 3341 forma
1097 3289 1124 3339 et
1143 3283 1289 3340 insertum

187 3387 278 3444 ualde
300 3388 433 3462 languet,
456 3387 485 3443 in
508 3394 634 3461 utraque
656 3385 786 3443 offendit
819 3385 929 3444 hiatus.
972 3385 1100 3443 Accedit
1122 3385 1205 3458 quod
1238 3399 1290 3439 cur

187 3488 400 3546 adulescentes
426 3487 531 3562 quibus
562 3488 657 3562 prima
688 3487 801 3563 lanugo
824 3487 957 3545 nascitur
978 3486 1009 3543 in
1033 3483 1119 3561 genis
1141 3488 1289 3539 uocentur

187 3588 237 3647 illo
257 3589 380 3646 nomine
403 3590 444 3646 ad
473 3605 537 3645 rem
559 3605 724 3647 ueneream
751 3589 935 3664 pertinente,
958 3588 1041 3662 quod
1067 3584 1167 3661 pueris
1192 3582 1286 3639 multo

188 3689 288 3765 aptius
312 3698 386 3758 erat,
410 3707 473 3746 non
496 3688 692 3766 intellegitur:
716 3706 849 3764 namque
861 3687 988 3747 barbula
1010 3685 1106 3762 prima
1121 3682 1287 3741 aetatulam

187 3789 370 3848 amasiorum
402 3789 497 3846 deleri
529 3789 656 3847 multum
686 3797 850 3863 queruntur
879 3781 992 3865 poetae
1013 3785 1077 3844 libri
1099 3783 1159 3841 XII
1181 3783 1218 3841 A.
1242 3780 1285 3854 P,

187 3890 271 3948 uelut
293 3890 385 3966 epigr.
410 3888 469 3948 186
491 3907 591 3964 neque
615 3891 723 3948 amatis
745 3890 845 3966 pueris
868 3898 932 3947 tam
957 3888 1072 3947 infame
1097 3901 1212 3942 nomen
1232 3882 1286 3938 im·

192 4055 390 4065 ——.-.--

286 4155 308 4228 ¹)
327 4157 402 4210 Conl.
422 4159 456 4208 ad
470 4173 496 4210 u.
517 4159 569 4208 280
588 4159 792 4211 adnotationem.
