<?xml version="1.0" encoding="UTF-8"?>
<!DOCTYPE html PUBLIC "-//W3C//DTD XHTML 1.0 Transitional//EN"
    "http://www.w3.org/TR/xhtml1/DTD/xhtml1-transitional.dtd">
<html xmlns="http://www.w3.org/1999/xhtml" xml:lang="en" lang="en">
 <head>
  <title>
</title>
<meta http-equiv="Content-Type" content="text/html;charset=utf-8" />
  <meta name='ocr-system' content='tesseract 3.04.00' />
  <meta name='ocr-capabilities' content='ocr_page ocr_carea ocr_par ocr_line ocrx_word'/>
</head>
<body>
  <div class='ocr_page' id='page_1' title='image "./studialuciliana00marxgoog_0045.png"; bbox 0 0 2998 4744; ppageno 0'>
   <div class='ocr_carea' id='block_1_1' title="bbox 762 237 801 298">
    <p class='ocr_par' dir='ltr' id='par_1_1' title="bbox 762 237 801 298">
     <span class='ocr_line' id='line_1_1' title="bbox 762 237 801 298; baseline 0 -16"><span class='ocrx_word' id='word_1_1' title='bbox 762 237 801 298; x_wconf 79' lang='lat'>32</span> 
     </span>
    </p>
   </div>
   <div class='ocr_carea' id='block_1_2' title="bbox 201 405 1341 2407">
    <p class='ocr_par' dir='ltr' id='par_1_2' title="bbox 201 405 1341 2407">
     <span class='ocr_line' id='line_1_2' title="bbox 232 405 1341 486; baseline 0.005 -20"><span class='ocrx_word' id='word_1_2' title='bbox 232 408 303 486; x_wconf 81' lang='lat' dir='ltr'>gius</span> <span class='ocrx_word' id='word_1_3' title='bbox 328 405 500 484; x_wconf 80' lang='lat' dir='ltr'>Triphallus</span> <span class='ocrx_word' id='word_1_4' title='bbox 514 411 711 484; x_wconf 79' lang='lat' dir='ltr'>triportentum</span> <span class='ocrx_word' id='word_1_5' title='bbox 731 411 888 467; x_wconf 81' lang='lat' dir='ltr'><em>triscurria</em></span> <span class='ocrx_word' id='word_1_6' title='bbox 903 411 1058 486; x_wconf 78' lang='lat' dir='ltr'>triparcus.</span> <span class='ocrx_word' id='word_1_7' title='bbox 1082 409 1172 484; x_wconf 84' lang='lat' dir='ltr'>Quae</span> <span class='ocrx_word' id='word_1_8' title='bbox 1184 408 1341 471; x_wconf 80' lang='lat' dir='ltr'>uocabula</span> 
     </span>
     <span class='ocr_line' id='line_1_3' title="bbox 235 506 1340 590; baseline 0.005 -21"><span class='ocrx_word' id='word_1_9' title='bbox 235 529 304 569; x_wconf 89' lang='lat' dir='ltr'>cum</span> <span class='ocrx_word' id='word_1_10' title='bbox 327 511 390 569; x_wconf 85' lang='lat' dir='ltr'>fere</span> <span class='ocrx_word' id='word_1_11' title='bbox 414 512 518 570; x_wconf 90' lang='lat' dir='ltr'>omnia</span> <span class='ocrx_word' id='word_1_12' title='bbox 538 507 622 573; x_wconf 79' lang='grc' dir='ltr'>ἅπαξ</span> <span class='ocrx_word' id='word_1_13' title='bbox 645 506 795 586; x_wconf 83' lang='grc' dir='ltr'>εἰρημένα</span> <span class='ocrx_word' id='word_1_14' title='bbox 820 513 888 581; x_wconf 88' lang='lat' dir='ltr'>sint,</span> <span class='ocrx_word' id='word_1_15' title='bbox 919 512 970 569; x_wconf 88' lang='lat' dir='ltr'>uel</span> <span class='ocrx_word' id='word_1_16' title='bbox 995 513 1068 570; x_wconf 87' lang='lat' dir='ltr'>inde</span> <span class='ocrx_word' id='word_1_17' title='bbox 1091 514 1273 590; x_wconf 82' lang='lat' dir='ltr'>intellegitur</span> <span class='ocrx_word' id='word_1_18' title='bbox 1295 517 1340 574; x_wconf 85' lang='lat' dir='ltr'>ad</span> 
     </span>
     <span class='ocr_line' id='line_1_4' title="bbox 235 613 1338 690; baseline 0.003 -21"><span class='ocrx_word' id='word_1_19' title='bbox 235 613 385 670; x_wconf 85' lang='lat' dir='ltr'>eiusmodi</span> <span class='ocrx_word' id='word_1_20' title='bbox 417 613 657 688; x_wconf 88' lang='lat' dir='ltr'>compositiones</span> <span class='ocrx_word' id='word_1_21' title='bbox 692 613 828 688; x_wconf 86' lang='lat' dir='ltr'>linguam</span> <span class='ocrx_word' id='word_1_22' title='bbox 861 613 996 689; x_wconf 88' lang='lat' dir='ltr'><strong>inprimis</strong></span> <span class='ocrx_word' id='word_1_23' title='bbox 1031 631 1101 671; x_wconf 91' lang='lat' dir='ltr'>esse</span> <span class='ocrx_word' id='word_1_24' title='bbox 1134 631 1338 690; x_wconf 92' lang='lat' dir='ltr'>propensam;</span> 
     </span>
     <span class='ocr_line' id='line_1_5' title="bbox 234 713 1339 789; baseline 0.003 -19"><span class='ocrx_word' id='word_1_25' title='bbox 234 713 365 772; x_wconf 85' lang='lat' dir='ltr'><strong>Accedit</strong></span> <span class='ocrx_word' id='word_1_26' title='bbox 398 715 483 789; x_wconf 91' lang='lat' dir='ltr'>quod</span> <span class='ocrx_word' id='word_1_27' title='bbox 505 714 669 789; x_wconf 89' lang='lat' dir='ltr'>praecipue</span> <span class='ocrx_word' id='word_1_28' title='bbox 691 714 722 772; x_wconf 91' lang='lat' dir='ltr'>in</span> <span class='ocrx_word' id='word_1_29' title='bbox 746 715 891 771; x_wconf 89' lang='lat' dir='ltr'>conuiciis</span> <span class='ocrx_word' id='word_1_30' title='bbox 924 715 1075 772; x_wconf 89' lang='lat' dir='ltr'>eiusmodi</span> <span class='ocrx_word' id='word_1_31' title='bbox 1110 717 1204 774; x_wconf 89' lang='lat' dir='ltr'>uerba</span> <span class='ocrx_word' id='word_1_32' title='bbox 1236 715 1339 773; x_wconf 88' lang='lat' dir='ltr'>solent</span> 
     </span>
     <span class='ocr_line' id='line_1_6' title="bbox 234 812 1339 893; baseline 0.004 -23"><span class='ocrx_word' id='word_1_33' title='bbox 234 832 292 872; x_wconf 92' lang='lat' dir='ltr'>usu</span> <span class='ocrx_word' id='word_1_34' title='bbox 312 815 426 881; x_wconf 89' lang='lat' dir='ltr'>uenire,</span> <span class='ocrx_word' id='word_1_35' title='bbox 449 815 534 872; x_wconf 80' lang='lat' dir='ltr'>uelut</span> <span class='ocrx_word' id='word_1_36' title='bbox 555 813 650 893; x_wconf 72' lang='lat' dir='ltr'>trasur</span> <span class='ocrx_word' id='word_1_37' title='bbox 668 812 841 893; x_wconf 71' lang='lat' dir='ltr'>trrsurczser</span> <span class='ocrx_word' id='word_1_38' title='bbox 863 815 1031 890; x_wconf 82' lang='lat' dir='ltr'>trr&#39;uenefica</span> <span class='ocrx_word' id='word_1_39' title='bbox 1053 817 1215 874; x_wconf 82' lang='lat' dir='ltr'>trr‘uerbero</span> <span class='ocrx_word' id='word_1_40' title='bbox 1236 819 1339 875; x_wconf 74' lang='lat' dir='ltr'>irrina·</span> 
     </span>
     <span class='ocr_line' id='line_1_7' title="bbox 201 913 1339 994; baseline 0.004 -22"><span class='ocrx_word' id='word_1_41' title='bbox 201 960 206 972; x_wconf 88' lang='lat'>.</span> <span class='ocrx_word' id='word_1_42' title='bbox 232 916 322 990; x_wconf 75' lang='lat' dir='ltr'>stigio</span> <span class='ocrx_word' id='word_1_43' title='bbox 346 914 451 990; x_wconf 87' lang='lat' dir='ltr'>(Ribb.</span> <span class='ocrx_word' id='word_1_44' title='bbox 474 913 507 974; x_wconf 88' lang='lat' dir='ltr'>fr.</span> <span class='ocrx_word' id='word_1_45' title='bbox 533 932 612 973; x_wconf 91' lang='lat' dir='ltr'>com.</span> <span class='ocrx_word' id='word_1_46' title='bbox 637 914 705 975; x_wconf 88' lang='lat' dir='ltr'>Lat.</span> <span class='ocrx_word' id='word_1_47' title='bbox 727 934 757 990; x_wconf 92' lang='lat' dir='ltr'>p.</span> <span class='ocrx_word' id='word_1_48' title='bbox 775 921 849 989; x_wconf 80' lang='lat' dir='ltr'>323l</span> <span class='ocrx_word' id='word_1_49' title='bbox 872 918 975 973; x_wconf 90' lang='lat' dir='ltr'>omnia</span> <span class='ocrx_word' id='word_1_50' title='bbox 998 916 1075 974; x_wconf 88' lang='lat' dir='ltr'>haec</span> <span class='ocrx_word' id='word_1_51' title='bbox 1097 928 1221 994; x_wconf 89' lang='lat' dir='ltr'>praeter</span> <span class='ocrx_word' id='word_1_52' title='bbox 1242 936 1339 976; x_wconf 91' lang='lat' dir='ltr'>unum</span> 
     </span>
     <span class='ocr_line' id='line_1_8' title="bbox 233 1010 1338 1091; baseline 0.005 -20"><span class='ocrx_word' id='word_1_53' title='bbox 233 1017 319 1091; x_wconf 90' lang='lat' dir='ltr'>quod</span> <span class='ocrx_word' id='word_1_54' title='bbox 356 1015 401 1071; x_wconf 91' lang='lat' dir='ltr'>bis</span> <span class='ocrx_word' id='word_1_55' title='bbox 437 1015 590 1072; x_wconf 88' lang='lat' dir='ltr'>inuenitur</span> <span class='ocrx_word' id='word_1_56' title='bbox 626 1010 709 1077; x_wconf 84' lang='grc' dir='ltr'>ἅπαξ</span> <span class='ocrx_word' id='word_1_57' title='bbox 742 1010 892 1090; x_wconf 86' lang='grc' dir='ltr'>εἰρημένα</span> <span class='ocrx_word' id='word_1_58' title='bbox 902 1011 934 1090; x_wconf 90' lang='lat'>¹).</span> <span class='ocrx_word' id='word_1_59' title='bbox 992 1017 1106 1091; x_wconf 87' lang='lat' dir='ltr'>Augeri</span> <span class='ocrx_word' id='word_1_60' title='bbox 1137 1017 1168 1074; x_wconf 89' lang='lat' dir='ltr'>in</span> <span class='ocrx_word' id='word_1_61' title='bbox 1195 1019 1338 1076; x_wconf 89' lang='lat' dir='ltr'>omnibus</span> 
     </span>
     <span class='ocr_line' id='line_1_9' title="bbox 232 1106 1338 1195; baseline 0.005 -24"><span class='ocrx_word' id='word_1_62' title='bbox 232 1116 297 1173; x_wconf 91' lang='lat' dir='ltr'>istis</span> <span class='ocrx_word' id='word_1_63' title='bbox 320 1117 478 1174; x_wconf 89' lang='lat' dir='ltr'>uocabulis</span> <span class='ocrx_word' id='word_1_64' title='bbox 505 1106 566 1174; x_wconf 75' lang='lat' dir='ltr'>uini</span> <span class='ocrx_word' id='word_1_65' title='bbox 598 1117 826 1191; x_wconf 86' lang='lat' dir='ltr'>significationis</span> <span class='ocrx_word' id='word_1_66' title='bbox 854 1118 998 1193; x_wconf 84' lang='lat' dir='ltr'>idemque</span> <span class='ocrx_word' id='word_1_67' title='bbox 1024 1115 1182 1195; x_wconf 65' lang='lat' dir='ltr'>{accidisse</span> <span class='ocrx_word' id='word_1_68' title='bbox 1212 1120 1242 1176; x_wconf 93' lang='lat' dir='ltr'>in</span> <span class='ocrx_word' id='word_1_69' title='bbox 1275 1137 1338 1176; x_wconf 88' lang='lat' dir='ltr'>ser·</span> 
     </span>
     <span class='ocr_line' id='line_1_10' title="bbox 233 1216 1339 1293; baseline 0.003 -20"><span class='ocrx_word' id='word_1_70' title='bbox 233 1233 324 1273; x_wconf 89' lang='lat' dir='ltr'>mone</span> <span class='ocrx_word' id='word_1_71' title='bbox 348 1216 469 1275; x_wconf 87' lang='lat' dir='ltr'>Graeco</span> <span class='ocrx_word' id='word_1_72' title='bbox 503 1217 643 1276; x_wconf 90' lang='lat' dir='ltr'>omnibus</span> <span class='ocrx_word' id='word_1_73' title='bbox 681 1228 870 1293; x_wconf 88' lang='lat' dir='ltr'>compertum</span> <span class='ocrx_word' id='word_1_74' title='bbox 903 1228 952 1276; x_wconf 89' lang='lat' dir='ltr'>est</span> <span class='ocrx_word' id='word_1_75' title='bbox 987 1227 1020 1276; x_wconf 93' lang='lat' dir='ltr'>et</span> <span class='ocrx_word' id='word_1_76' title='bbox 1052 1220 1162 1277; x_wconf 90' lang='lat' dir='ltr'>nostris</span> <span class='ocrx_word' id='word_1_77' title='bbox 1196 1229 1227 1276; x_wconf 89' lang='lat' dir='ltr'>et</span> <span class='ocrx_word' id='word_1_78' title='bbox 1260 1221 1339 1278; x_wconf 90' lang='lat' dir='ltr'>anti·</span> 
     </span>
     <span class='ocr_line' id='line_1_11' title="bbox 233 1315 1336 1396; baseline 0.001 -22"><span class='ocrx_word' id='word_1_79' title='bbox 233 1317 300 1393; x_wconf 92' lang='lat' dir='ltr'>quis</span> <span class='ocrx_word' id='word_1_80' title='bbox 324 1317 544 1392; x_wconf 81' lang='lat' dir='ltr'>grammaticis:</span> <span class='ocrx_word' id='word_1_81' title='bbox 568 1318 648 1377; x_wconf 90' lang='lat' dir='ltr'>conf.</span> <span class='ocrx_word' id='word_1_82' title='bbox 673 1318 814 1377; x_wconf 87' lang='lat' dir='ltr'>Eustath.</span> <span class='ocrx_word' id='word_1_83' title='bbox 837 1320 879 1376; x_wconf 90' lang='lat' dir='ltr'>ad</span> <span class='ocrx_word' id='word_1_84' title='bbox 900 1315 926 1378; x_wconf 89' lang='grc' dir='ltr'>Θ</span> <span class='ocrx_word' id='word_1_85' title='bbox 946 1317 1058 1396; x_wconf 80' lang='lat'><strong>488²):</strong></span> <span class='ocrx_word' id='word_1_86' title='bbox 1081 1315 1274 1395; x_wconf 86' lang='grc' dir='ltr'>Τρισάθλιος</span> <span class='ocrx_word' id='word_1_87' title='bbox 1289 1367 1295 1380; x_wconf 92' lang='grc'><strong>.</strong></span> <span class='ocrx_word' id='word_1_88' title='bbox 1308 1362 1336 1380; x_wconf 91' lang='grc'>..</span> 
     </span>
     <span class='ocr_line' id='line_1_12' title="bbox 233 1409 1338 1495; baseline 0.005 -19"><span class='ocrx_word' id='word_1_89' title='bbox 233 1413 540 1492; x_wconf 83' lang='grc' dir='ltr'>τρισκακοδαίμων.</span> <span class='ocrx_word' id='word_1_90' title='bbox 564 1465 571 1478; x_wconf 95' lang='grc'><strong>.</strong></span> <span class='ocrx_word' id='word_1_91' title='bbox 595 1409 815 1493; x_wconf 86' lang='grc' dir='ltr'>,τρισόλβιος</span> <span class='ocrx_word' id='word_1_92' title='bbox 859 1414 999 1479; x_wconf 83' lang='grc' dir='ltr'>Τοιαῦτα</span> <span class='ocrx_word' id='word_1_93' title='bbox 1022 1417 1058 1479; x_wconf 81' lang='grc' dir='ltr'>οὲ</span> <span class='ocrx_word' id='word_1_94' title='bbox 1085 1416 1138 1480; x_wconf 88' lang='grc' dir='ltr'>καὶ</span> <span class='ocrx_word' id='word_1_95' title='bbox 1164 1415 1247 1495; x_wconf 89' lang='grc' dir='ltr'>άπερ</span> <span class='ocrx_word' id='word_1_96' title='bbox 1273 1420 1338 1481; x_wconf 90' lang='grc' dir='ltr'>τῶν</span> 
     </span>
     <span class='ocr_line' id='line_1_13' title="bbox 232 1515 1339 1597; baseline 0.004 -20"><span class='ocrx_word' id='word_1_97' title='bbox 232 1535 280 1592; x_wconf 86' lang='grc' dir='ltr'>τις</span> <span class='ocrx_word' id='word_1_98' title='bbox 301 1517 446 1578; x_wconf 88' lang='grc' dir='ltr'>παλαιῶν</span> <span class='ocrx_word' id='word_1_99' title='bbox 468 1515 560 1580; x_wconf 87' lang='grc' dir='ltr'>ἔθετο</span> <span class='ocrx_word' id='word_1_100' title='bbox 584 1516 827 1594; x_wconf 88' lang='grc' dir='ltr'>παραδείγματα</span> <span class='ocrx_word' id='word_1_101' title='bbox 850 1519 1062 1596; x_wconf 83' lang='grc' dir='ltr'>βλασφημιῶν</span> <span class='ocrx_word' id='word_1_102' title='bbox 1083 1516 1228 1581; x_wconf 83' lang='grc' dir='ltr'>τῶνάπὸ</span> <span class='ocrx_word' id='word_1_103' title='bbox 1251 1517 1339 1597; x_wconf 89' lang='grc' dir='ltr'>ἀριθ-</span> 
     </span>
     <span class='ocr_line' id='line_1_14' title="bbox 233 1613 1338 1696; baseline 0.004 -17"><span class='ocrx_word' id='word_1_104' title='bbox 233 1618 302 1693; x_wconf 83' lang='grc' dir='ltr'>μοῦ,</span> <span class='ocrx_word' id='word_1_105' title='bbox 326 1613 398 1680; x_wconf 78' lang='grc' dir='ltr'>οἷον</span> <span class='ocrx_word' id='word_1_106' title='bbox 414 1617 610 1695; x_wconf 84' lang='grc' dir='ltr'>τρισεξῶλης</span> <span class='ocrx_word' id='word_1_107' title='bbox 633 1616 651 1680; x_wconf 90' lang='grc' dir='ltr'>ὁ</span> <span class='ocrx_word' id='word_1_108' title='bbox 674 1616 760 1681; x_wconf 91' lang='grc' dir='ltr'>πάνυ</span> <span class='ocrx_word' id='word_1_109' title='bbox 783 1617 912 1696; x_wconf 82' lang='grc' dir='ltr'>ἐξώλης,</span> <span class='ocrx_word' id='word_1_110' title='bbox 935 1618 988 1680; x_wconf 91' lang='grc' dir='ltr'>καί</span> <span class='ocrx_word' id='word_1_111' title='bbox 1007 1639 1025 1682; x_wconf 91' lang='grc' dir='ltr'>τ</span> <span class='ocrx_word' id='word_1_112' title='bbox 1032 1619 1201 1696; x_wconf 80' lang='grc' dir='ltr'>ριπέοων</span> <span class='ocrx_word' id='word_1_113' title='bbox 1223 1618 1338 1683; x_wconf 87' lang='grc' dir='ltr'>ὁπολ-</span> 
     </span>
     <span class='ocr_line' id='line_1_15' title="bbox 232 1716 1338 1799; baseline 0.005 -20"><span class='ocrx_word' id='word_1_114' title='bbox 232 1716 322 1795; x_wconf 86' lang='grc' dir='ltr'>λάκις</span> <span class='ocrx_word' id='word_1_115' title='bbox 344 1719 493 1795; x_wconf 88' lang='grc' dir='ltr'>πεδηθείς</span> <span class='ocrx_word' id='word_1_116' title='bbox 515 1722 701 1798; x_wconf 83' lang='grc' dir='ltr'>πανοῦργος</span> <span class='ocrx_word' id='word_1_117' title='bbox 718 1722 844 1796; x_wconf 82' lang='grc' dir='ltr'>δοῦλος,</span> <span class='ocrx_word' id='word_1_118' title='bbox 872 1719 910 1796; x_wconf 88' lang='grc' dir='ltr'>ὃς</span> <span class='ocrx_word' id='word_1_119' title='bbox 932 1719 984 1782; x_wconf 85' lang='grc' dir='ltr'>καί</span> <span class='ocrx_word' id='word_1_120' title='bbox 1006 1721 1113 1784; x_wconf 82' lang='grc' dir='ltr'>πέδων</span> <span class='ocrx_word' id='word_1_121' title='bbox 1134 1721 1280 1799; x_wconf 84' lang='grc' dir='ltr'>πέδωνος</span> <span class='ocrx_word' id='word_1_122' title='bbox 1302 1721 1338 1786; x_wconf 91' lang='grc' dir='ltr'>ἐν</span> 
     </span>
     <span class='ocr_line' id='line_1_16' title="bbox 233 1817 1338 1902; baseline 0.004 -21"><span class='ocrx_word' id='word_1_123' title='bbox 233 1817 386 1895; x_wconf 83' lang='grc' dir='ltr'>ἁπλότητι</span> <span class='ocrx_word' id='word_1_124' title='bbox 409 1819 543 1898; x_wconf 83' lang='grc' dir='ltr'>λέγεται,</span> <span class='ocrx_word' id='word_1_125' title='bbox 572 1820 624 1882; x_wconf 90' lang='grc' dir='ltr'>καὶ</span> <span class='ocrx_word' id='word_1_126' title='bbox 650 1818 771 1894; x_wconf 89' lang='grc' dir='ltr'>στίγων</span> <span class='ocrx_word' id='word_1_127' title='bbox 800 1818 907 1883; x_wconf 86' lang='grc' dir='ltr'>είτουν</span> <span class='ocrx_word' id='word_1_128' title='bbox 937 1821 1135 1899; x_wconf 92' lang='grc' dir='ltr'>στιγματίας.</span> <span class='ocrx_word' id='word_1_129' title='bbox 1179 1822 1275 1902; x_wconf 87' lang='grc' dir='ltr'>Φέρει</span> <span class='ocrx_word' id='word_1_130' title='bbox 1302 1823 1338 1886; x_wconf 83' lang='grc' dir='ltr'>δὲ</span> 
     </span>
     <span class='ocr_line' id='line_1_17' title="bbox 233 1917 1338 2003; baseline 0.005 -22"><span class='ocrx_word' id='word_1_131' title='bbox 233 1919 284 1981; x_wconf 88' lang='grc' dir='ltr'>καί</span> <span class='ocrx_word' id='word_1_132' title='bbox 317 1917 381 1982; x_wconf 86' lang='grc' dir='ltr'>ἀπὸ</span> <span class='ocrx_word' id='word_1_133' title='bbox 406 1920 554 1998; x_wconf 88' lang='grc' dir='ltr'>χρήσεως</span> <span class='ocrx_word' id='word_1_134' title='bbox 588 1923 646 1983; x_wconf 84' lang='grc' dir='ltr'>τοῦ</span> <span class='ocrx_word' id='word_1_135' title='bbox 679 1924 819 1998; x_wconf 84' lang='grc' dir='ltr'>κωμικοῦ</span> <span class='ocrx_word' id='word_1_136' title='bbox 847 1920 901 1983; x_wconf 89' lang='grc' dir='ltr'>τό·</span> <span class='ocrx_word' id='word_1_137' title='bbox 934 1921 1134 2000; x_wconf 85' lang='grc' dir='ltr'>παλίμβολος</span> <span class='ocrx_word' id='word_1_138' title='bbox 1163 1923 1338 2003; x_wconf 88' lang='grc' dir='ltr'>τρίπρατος</span> 
     </span>
     <span class='ocr_line' id='line_1_18' title="bbox 232 2019 1338 2102; baseline 0.005 -20"><span class='ocrx_word' id='word_1_139' title='bbox 232 2019 284 2082; x_wconf 90' lang='grc' dir='ltr'>καί</span> <span class='ocrx_word' id='word_1_140' title='bbox 310 2019 464 2098; x_wconf 89' lang='grc' dir='ltr'>πολλάκις</span> <span class='ocrx_word' id='word_1_141' title='bbox 494 2019 780 2099; x_wconf 87' lang='grc' dir='ltr'>ἀπημπολημένος.</span> <span class='ocrx_word' id='word_1_142' title='bbox 825 2021 998 2099; x_wconf 85' lang='grc' dir='ltr'>Σοφοκλῆς</span> <span class='ocrx_word' id='word_1_143' title='bbox 1021 2023 1057 2086; x_wconf 78' lang='grc' dir='ltr'>δὲ</span> <span class='ocrx_word' id='word_1_144' title='bbox 1084 2023 1254 2102; x_wconf 84' lang='grc' dir='ltr'>τρίδουλον</span> <span class='ocrx_word' id='word_1_145' title='bbox 1281 2024 1338 2088; x_wconf 88' lang='grc' dir='ltr'>τὸν</span> 
     </span>
     <span class='ocr_line' id='line_1_19' title="bbox 232 2119 1338 2202; baseline 0.005 -19"><span class='ocrx_word' id='word_1_146' title='bbox 232 2120 267 2183; x_wconf 83' lang='grc' dir='ltr'>ἐκ</span> <span class='ocrx_word' id='word_1_147' title='bbox 288 2119 459 2198; x_wconf 88' lang='grc' dir='ltr'>προγόνων</span> <span class='ocrx_word' id='word_1_148' title='bbox 481 2124 600 2184; x_wconf 82' lang='grc' dir='ltr'>δοῦλον</span> <span class='ocrx_word' id='word_1_149' title='bbox 622 2121 695 2200; x_wconf 86' lang='grc' dir='ltr'>ἔφη,</span> <span class='ocrx_word' id='word_1_150' title='bbox 719 2121 902 2200; x_wconf 84' lang='grc' dir='ltr'>Ἀνακρέων</span> <span class='ocrx_word' id='word_1_151' title='bbox 926 2123 961 2185; x_wconf 78' lang='grc' dir='ltr'>δὲ</span> <span class='ocrx_word' id='word_1_152' title='bbox 976 2125 1267 2202; x_wconf 86' lang='grc' dir='ltr'>τρισκεκορημένον</span> <span class='ocrx_word' id='word_1_153' title='bbox 1279 2125 1338 2189; x_wconf 89' lang='grc' dir='ltr'>τὸν</span> 
     </span>
     <span class='ocr_line' id='line_1_20' title="bbox 231 2221 1338 2305; baseline 0.006 -21"><span class='ocrx_word' id='word_1_154' title='bbox 231 2222 386 2300; x_wconf 87' lang='grc' dir='ltr'>πολλάκις</span> <span class='ocrx_word' id='word_1_155' title='bbox 413 2222 691 2301; x_wconf 86' lang='grc' dir='ltr'>ἐκσεσαρωμένον,</span> <span class='ocrx_word' id='word_1_156' title='bbox 721 2221 914 2302; x_wconf 82' lang='grc' dir='ltr'>Ἀρχίλοχος</span> <span class='ocrx_word' id='word_1_157' title='bbox 949 2226 985 2288; x_wconf 82' lang='grc' dir='ltr'>δὲ</span> <span class='ocrx_word' id='word_1_158' title='bbox 1012 2227 1215 2305; x_wconf 84' lang='grc' dir='ltr'>τρισοιζυρὴν</span> <span class='ocrx_word' id='word_1_159' title='bbox 1243 2226 1338 2291; x_wconf 88' lang='grc' dir='ltr'>πόλιν</span> 
     </span>
     <span class='ocr_line' id='line_1_21' title="bbox 232 2321 1336 2407; baseline 0.006 -22"><span class='ocrx_word' id='word_1_160' title='bbox 232 2321 294 2401; x_wconf 81' lang='grc' dir='ltr'>ἔφη</span> <span class='ocrx_word' id='word_1_161' title='bbox 317 2324 376 2399; x_wconf 88' lang='grc' dir='ltr'>τὴν</span> <span class='ocrx_word' id='word_1_162' title='bbox 400 2322 521 2402; x_wconf 81' lang='grc' dir='ltr'>Θάσον,</span> <span class='ocrx_word' id='word_1_163' title='bbox 553 2322 709 2390; x_wconf 83' lang='grc' dir='ltr'>Ἱππῶναξ</span> <span class='ocrx_word' id='word_1_164' title='bbox 740 2325 775 2388; x_wconf 84' lang='grc' dir='ltr'>δὲ</span> <span class='ocrx_word' id='word_1_165' title='bbox 797 2325 855 2388; x_wconf 89' lang='grc' dir='ltr'>τὸν</span> <span class='ocrx_word' id='word_1_166' title='bbox 877 2326 949 2403; x_wconf 90' lang='grc' dir='ltr'>τρία</span> <span class='ocrx_word' id='word_1_167' title='bbox 972 2325 1177 2406; x_wconf 85' lang='grc' dir='ltr'>ὑπεραναβὰς</span> <span class='ocrx_word' id='word_1_168' title='bbox 1201 2326 1336 2407; x_wconf 89' lang='grc' dir='ltr'>ἀριθμὸν</span> 
     </span>
    </p>
   </div>
   <div class='ocr_carea' id='block_1_3' title="bbox 231 2421 1337 3110">
    <p class='ocr_par' dir='ltr' id='par_1_3' title="bbox 231 2421 1337 3110">
     <span class='ocr_line' id='line_1_22' title="bbox 232 2421 1336 2507; baseline 0.006 -21"><span class='ocrx_word' id='word_1_169' title='bbox 232 2421 431 2488; x_wconf 81' lang='grc' dir='ltr'>ἑπτάοουλον</span> <span class='ocrx_word' id='word_1_170' title='bbox 454 2423 516 2503; x_wconf 82' lang='grc' dir='ltr'>ἔφη</span> <span class='ocrx_word' id='word_1_171' title='bbox 539 2423 619 2489; x_wconf 87' lang='grc' dir='ltr'>τινά.</span> <span class='ocrx_word' id='word_1_172' title='bbox 664 2431 757 2487; x_wconf 85' lang='lat' dir='ltr'><strong>Adde</strong></span> <span class='ocrx_word' id='word_1_173' title='bbox 772 2426 916 2504; x_wconf 87' lang='grc' dir='ltr'>τριγίγας</span> <span class='ocrx_word' id='word_1_174' title='bbox 931 2427 1105 2506; x_wconf 90' lang='grc' dir='ltr'>τρίπαλτος</span> <span class='ocrx_word' id='word_1_175' title='bbox 1120 2429 1336 2507; x_wconf 87' lang='grc' dir='ltr'>τριπιθήκινος</span> 
     </span>
     <span class='ocr_line' id='line_1_23' title="bbox 231 2528 1336 2608; baseline 0.005 -22"><span class='ocrx_word' id='word_1_176' title='bbox 231 2528 465 2603; x_wconf 85' lang='grc' dir='ltr'>τριπανοῦργος</span> <span class='ocrx_word' id='word_1_177' title='bbox 487 2529 554 2588; x_wconf 90' lang='lat' dir='ltr'>alia.</span> <span class='ocrx_word' id='word_1_178' title='bbox 598 2529 693 2587; x_wconf 92' lang='lat' dir='ltr'>Ludit</span> <span class='ocrx_word' id='word_1_179' title='bbox 714 2531 806 2606; x_wconf 86' lang='lat' dir='ltr'>igitur</span> <span class='ocrx_word' id='word_1_180' title='bbox 830 2540 925 2606; x_wconf 90' lang='lat' dir='ltr'>poeta</span> <span class='ocrx_word' id='word_1_181' title='bbox 949 2532 1121 2588; x_wconf 88' lang='lat' dir='ltr'>libertinum</span> <span class='ocrx_word' id='word_1_182' title='bbox 1144 2542 1270 2608; x_wconf 88' lang='lat' dir='ltr'>propter</span> <span class='ocrx_word' id='word_1_183' title='bbox 1292 2535 1336 2590; x_wconf 93' lang='lat' dir='ltr'>ui·</span> 
     </span>
     <span class='ocr_line' id='line_1_24' title="bbox 231 2628 1337 2709; baseline 0.006 -24"><span class='ocrx_word' id='word_1_184' title='bbox 231 2628 313 2686; x_wconf 90' lang='lat' dir='ltr'>bices</span> <span class='ocrx_word' id='word_1_185' title='bbox 335 2629 456 2705; x_wconf 87' lang='lat' dir='ltr'>flagello</span> <span class='ocrx_word' id='word_1_186' title='bbox 481 2630 588 2702; x_wconf 66' lang='lat' dir='ltr'>saetas</span> <span class='ocrx_word' id='word_1_187' title='bbox 613 2638 647 2686; x_wconf 91' lang='lat' dir='ltr'>ut</span> <span class='ocrx_word' id='word_1_188' title='bbox 667 2630 813 2688; x_wconf 83' lang='lat' dir='ltr'>Martialis</span> <span class='ocrx_word' id='word_1_189' title='bbox 837 2633 1006 2706; x_wconf 85' lang='lat' dir='ltr'>compedes</span> <span class='ocrx_word' id='word_1_190' title='bbox 1026 2633 1143 2709; x_wconf 89' lang='lat' dir='ltr'>priores</span> <span class='ocrx_word' id='word_1_191' title='bbox 1159 2635 1236 2691; x_wconf 92' lang='lat' dir='ltr'>Zoili</span> <span class='ocrx_word' id='word_1_192' title='bbox 1259 2635 1337 2692; x_wconf 88' lang='lat' dir='ltr'>ludit</span> 
     </span>
     <span class='ocr_line' id='line_1_25' title="bbox 233 2723 1337 2812; baseline 0.008 -26"><span class='ocrx_word' id='word_1_193' title='bbox 233 2729 280 2786; x_wconf 92' lang='lat' dir='ltr'>III</span> <span class='ocrx_word' id='word_1_194' title='bbox 304 2745 342 2804; x_wconf 82' lang='lat'>²9</span> <span class='ocrx_word' id='word_1_195' title='bbox 366 2730 409 2786; x_wconf 91' lang='lat' dir='ltr'>XI</span> <span class='ocrx_word' id='word_1_196' title='bbox 431 2723 519 2808; x_wconf 74' lang='lat'>37³):</span> <span class='ocrx_word' id='word_1_197' title='bbox 553 2730 693 2788; x_wconf 84' lang='lat' dir='ltr'>formauit</span> <span class='ocrx_word' id='word_1_198' title='bbox 715 2740 818 2788; x_wconf 88' lang='lat' dir='ltr'>autem</span> <span class='ocrx_word' id='word_1_199' title='bbox 841 2749 949 2790; x_wconf 87' lang='lat' dir='ltr'>uocem</span> <span class='ocrx_word' id='word_1_200' title='bbox 971 2733 1061 2790; x_wconf 88' lang='lat' dir='ltr'>istam</span> <span class='ocrx_word' id='word_1_201' title='bbox 1084 2736 1220 2792; x_wconf 79' lang='lat' dir='ltr'>tricorius</span> <span class='ocrx_word' id='word_1_202' title='bbox 1242 2731 1337 2812; x_wconf 84' lang='lat' dir='ltr'>(conl.</span> 
     </span>
     <span class='ocr_line' id='line_1_26' title="bbox 232 2830 1336 2910; baseline 0.006 -24"><span class='ocrx_word' id='word_1_203' title='bbox 232 2830 399 2886; x_wconf 79' lang='lat' dir='ltr'>durz‘corr&#39;us</span> <span class='ocrx_word' id='word_1_204' title='bbox 425 2849 473 2906; x_wconf 88' lang='lat' dir='ltr'>ap.</span> <span class='ocrx_word' id='word_1_205' title='bbox 502 2830 638 2891; x_wconf 89' lang='lat' dir='ltr'>Macrob.</span> <span class='ocrx_word' id='word_1_206' title='bbox 659 2831 701 2888; x_wconf 84' lang='grc' dir='ltr'>ΠΙ</span> <span class='ocrx_word' id='word_1_207' title='bbox 730 2846 778 2910; x_wconf 83' lang='lat'>20,</span> <span class='ocrx_word' id='word_1_208' title='bbox 805 2835 834 2904; x_wconf 86' lang='lat'>1)</span> <span class='ocrx_word' id='word_1_209' title='bbox 864 2833 905 2888; x_wconf 91' lang='lat' dir='ltr'>ad</span> <span class='ocrx_word' id='word_1_210' title='bbox 935 2833 1163 2893; x_wconf 89' lang='lat' dir='ltr'>similitudinem</span> <span class='ocrx_word' id='word_1_211' title='bbox 1195 2835 1336 2893; x_wconf 88' lang='lat' dir='ltr'>Graecae</span> 
     </span>
     <span class='ocr_line' id='line_1_27' title="bbox 231 2927 1337 3011; baseline 0.003 -22"><span class='ocrx_word' id='word_1_212' title='bbox 231 2927 399 3004; x_wconf 87' lang='grc' dir='ltr'>τριπέδων,</span> <span class='ocrx_word' id='word_1_213' title='bbox 424 2949 504 3007; x_wconf 88' lang='lat' dir='ltr'>quae</span> <span class='ocrx_word' id='word_1_214' title='bbox 527 2931 679 3006; x_wconf 86' lang='lat' dir='ltr'>significat</span> <span class='ocrx_word' id='word_1_215' title='bbox 702 2931 885 3002; x_wconf 89' lang='lat' dir='ltr'>ferriterum,</span> <span class='ocrx_word' id='word_1_216' title='bbox 916 2935 967 3010; x_wconf 91' lang='lat' dir='ltr'>qui</span> <span class='ocrx_word' id='word_1_217' title='bbox 989 2936 1049 2992; x_wconf 86' lang='lat' dir='ltr'>iam</span> <span class='ocrx_word' id='word_1_218' title='bbox 1073 2944 1135 2993; x_wconf 88' lang='lat' dir='ltr'>tres</span> <span class='ocrx_word' id='word_1_219' title='bbox 1169 2938 1337 3011; x_wconf 90' lang='lat' dir='ltr'>compedes</span> 
     </span>
     <span class='ocr_line' id='line_1_28' title="bbox 231 3031 1337 3110; baseline 0.005 -22"><span class='ocrx_word' id='word_1_220' title='bbox 231 3032 372 3089; x_wconf 88' lang='lat' dir='ltr'>contriuit</span> <span class='ocrx_word' id='word_1_221' title='bbox 394 3032 505 3106; x_wconf 84' lang='lat' dir='ltr'>(Plaut.</span> <span class='ocrx_word' id='word_1_222' title='bbox 530 3031 618 3108; x_wconf 86' lang='lat' dir='ltr'>Capt.</span> <span class='ocrx_word' id='word_1_223' title='bbox 640 3033 685 3090; x_wconf 95' lang='lat' dir='ltr'>IV</span> <span class='ocrx_word' id='word_1_224' title='bbox 708 3049 736 3103; x_wconf 89' lang='lat'>2,</span> <span class='ocrx_word' id='word_1_225' title='bbox 763 3031 835 3110; x_wconf 83' lang='lat'>108)</span> <span class='ocrx_word' id='word_1_226' title='bbox 873 3053 978 3093; x_wconf 89' lang='lat' dir='ltr'>uersus</span> <span class='ocrx_word' id='word_1_227' title='bbox 1002 3036 1087 3094; x_wconf 90' lang='lat' dir='ltr'>istius</span> <span class='ocrx_word' id='word_1_228' title='bbox 1112 3036 1242 3096; x_wconf 88' lang='lat' dir='ltr'>Plautini</span> <span class='ocrx_word' id='word_1_229' title='bbox 1272 3037 1337 3094; x_wconf 89' lang='lat' dir='ltr'>sine</span> 
     </span>
    </p>
   </div>
   <div class='ocr_carea' id='block_1_4' title="bbox 232 3317 1337 3477">
    <p class='ocr_par' dir='ltr' id='par_1_4' title="bbox 232 3317 1337 3477">
     <span class='ocr_line' id='line_1_29' title="bbox 334 3317 1337 3390; baseline 0.007 -24"><span class='ocrx_word' id='word_1_230' title='bbox 334 3317 354 3383; x_wconf 89' lang='lat'>¹)</span> <span class='ocrx_word' id='word_1_231' title='bbox 373 3318 440 3382; x_wconf 85' lang='lat' dir='ltr'>Agit</span> <span class='ocrx_word' id='word_1_232' title='bbox 460 3319 493 3367; x_wconf 90' lang='lat' dir='ltr'>de</span> <span class='ocrx_word' id='word_1_233' title='bbox 514 3319 612 3368; x_wconf 87' lang='lat' dir='ltr'>talibus</span> <span class='ocrx_word' id='word_1_234' title='bbox 632 3320 833 3371; x_wconf 83' lang='lat' dir='ltr'>formationibus</span> <span class='ocrx_word' id='word_1_235' title='bbox 845 3323 931 3372; x_wconf 89' lang='lat' dir='ltr'>Uarro</span> <span class='ocrx_word' id='word_1_236' title='bbox 954 3330 1003 3375; x_wconf 85' lang='lat' dir='ltr'>sat.</span> <span class='ocrx_word' id='word_1_237' title='bbox 1026 3328 1111 3390; x_wconf 88' lang='lat' dir='ltr'>179B</span> <span class='ocrx_word' id='word_1_238' title='bbox 1132 3324 1219 3389; x_wconf 78' lang='lat' dir='ltr'>Quid?</span> <span class='ocrx_word' id='word_1_239' title='bbox 1238 3333 1266 3375; x_wconf 91' lang='lat' dir='ltr'>tu</span> <span class='ocrx_word' id='word_1_240' title='bbox 1285 3340 1337 3374; x_wconf 90' lang='lat' dir='ltr'>non</span> 
     </span>
     <span class='ocr_line' id='line_1_30' title="bbox 232 3406 1068 3477; baseline 0.01 -22"><span class='ocrx_word' id='word_1_241' title='bbox 232 3406 308 3456; x_wconf 90' lang='lat' dir='ltr'>uides</span> <span class='ocrx_word' id='word_1_242' title='bbox 328 3407 355 3455; x_wconf 90' lang='lat' dir='ltr'>in</span> <span class='ocrx_word' id='word_1_243' title='bbox 374 3407 468 3467; x_wconf 89' lang='lat' dir='ltr'>uineis,</span> <span class='ocrx_word' id='word_1_244' title='bbox 489 3408 561 3472; x_wconf 91' lang='lat' dir='ltr'>quod</span> <span class='ocrx_word' id='word_1_245' title='bbox 579 3408 626 3456; x_wconf 89' lang='lat' dir='ltr'>tria</span> <span class='ocrx_word' id='word_1_246' title='bbox 645 3407 704 3473; x_wconf 89' lang='lat' dir='ltr'>pala</span> <span class='ocrx_word' id='word_1_247' title='bbox 725 3409 848 3470; x_wconf 81' lang='lat' dir='ltr'>habeant,</span> <span class='ocrx_word' id='word_1_248' title='bbox 869 3412 976 3477; x_wconf 88' lang='lat' dir='ltr'>tripales</span> <span class='ocrx_word' id='word_1_249' title='bbox 997 3412 1068 3465; x_wconf 79' lang='lat' dir='ltr'>dici?</span> 
     </span>
    </p>
   </div>
   <div class='ocr_carea' id='block_1_5' title="bbox 137 3512 1337 3842">
    <p class='ocr_par' dir='ltr' id='par_1_5' title="bbox 137 3512 1337 3583">
     <span class='ocr_line' id='line_1_31' title="bbox 137 3512 1337 3583; baseline 0.01 -25"><span class='ocrx_word' id='word_1_250' title='bbox 137 3573 140 3580; x_wconf 25' lang='grc'>1</span> <span class='ocrx_word' id='word_1_251' title='bbox 335 3512 356 3579; x_wconf 79' lang='lat'>²)</span> <span class='ocrx_word' id='word_1_252' title='bbox 375 3513 415 3561; x_wconf 84' lang='lat' dir='ltr'>Ex</span> <span class='ocrx_word' id='word_1_253' title='bbox 434 3513 552 3562; x_wconf 83' lang='lat' dir='ltr'>Suetonii</span> <span class='ocrx_word' id='word_1_254' title='bbox 567 3512 635 3562; x_wconf 91' lang='lat' dir='ltr'>libro</span> <span class='ocrx_word' id='word_1_255' title='bbox 654 3516 718 3580; x_wconf 86' lang='grc' dir='ltr'>περί</span> <span class='ocrx_word' id='word_1_256' title='bbox 729 3513 891 3582; x_wconf 86' lang='grc' dir='ltr'>δυσφὴμων</span> <span class='ocrx_word' id='word_1_257' title='bbox 903 3516 1006 3570; x_wconf 83' lang='grc' dir='ltr'>λέξεων</span> <span class='ocrx_word' id='word_1_258' title='bbox 1015 3519 1079 3583; x_wconf 82' lang='grc' dir='ltr'>ἠτοι</span> <span class='ocrx_word' id='word_1_259' title='bbox 1090 3519 1274 3582; x_wconf 83' lang='grc' dir='ltr'>βλασφημιῶν</span> <span class='ocrx_word' id='word_1_260' title='bbox 1291 3518 1337 3570; x_wconf 84' lang='grc' dir='ltr'>καί</span> 
     </span>
    </p>

    <p class='ocr_par' dir='ltr' id='par_1_6' title="bbox 231 3598 1337 3842">
     <span class='ocr_line' id='line_1_32' title="bbox 231 3598 1336 3672; baseline 0.004 -21"><span class='ocrx_word' id='word_1_261' title='bbox 231 3599 320 3652; x_wconf 88' lang='grc' dir='ltr'>πόθεν</span> <span class='ocrx_word' id='word_1_262' title='bbox 340 3598 459 3663; x_wconf 73' lang='grc' dir='ltr'>ἑκάστης</span> <span class='ocrx_word' id='word_1_263' title='bbox 480 3599 573 3650; x_wconf 89' lang='lat' dir='ltr'>Miller</span> <span class='ocrx_word' id='word_1_264' title='bbox 586 3602 726 3666; x_wconf 77' lang='lat' dir='ltr'>Melanges</span> <span class='ocrx_word' id='word_1_265' title='bbox 746 3605 780 3670; x_wconf 76' lang='lat' dir='ltr'>de</span> <span class='ocrx_word' id='word_1_266' title='bbox 800 3604 943 3655; x_wconf 71' lang='lat' dir='ltr'>litterature</span> <span class='ocrx_word' id='word_1_267' title='bbox 957 3622 1071 3672; x_wconf 83' lang='lat' dir='ltr'>grecque</span> <span class='ocrx_word' id='word_1_268' title='bbox 1090 3622 1115 3672; x_wconf 91' lang='lat' dir='ltr'>p.</span> <span class='ocrx_word' id='word_1_269' title='bbox 1129 3615 1179 3668; x_wconf 82' lang='lat'>325</span> <span class='ocrx_word' id='word_1_270' title='bbox 1198 3604 1336 3671; x_wconf 86' lang='lat' dir='ltr'>Aristoph.</span> 
     </span>
     <span class='ocr_line' id='line_1_33' title="bbox 231 3688 1337 3760; baseline 0.006 -24"><span class='ocrx_word' id='word_1_271' title='bbox 231 3688 294 3753; x_wconf 88' lang='lat' dir='ltr'>Byz.</span> <span class='ocrx_word' id='word_1_272' title='bbox 316 3688 357 3740; x_wconf 88' lang='lat' dir='ltr'>ed.</span> <span class='ocrx_word' id='word_1_273' title='bbox 378 3688 474 3737; x_wconf 88' lang='lat' dir='ltr'>Nauck</span> <span class='ocrx_word' id='word_1_274' title='bbox 492 3705 518 3753; x_wconf 90' lang='lat' dir='ltr'>p.</span> <span class='ocrx_word' id='word_1_275' title='bbox 541 3700 600 3752; x_wconf 90' lang='lat'>177.</span> <span class='ocrx_word' id='word_1_276' title='bbox 620 3691 763 3742; x_wconf 86' lang='lat' dir='ltr'>Fresenius</span> <span class='ocrx_word' id='word_1_277' title='bbox 783 3692 816 3741; x_wconf 90' lang='lat' dir='ltr'>de</span> <span class='ocrx_word' id='word_1_278' title='bbox 835 3693 971 3760; x_wconf 90' lang='lat' dir='ltr'>Aristoph.</span> <span class='ocrx_word' id='word_1_279' title='bbox 990 3701 1016 3744; x_wconf 83' lang='lat' dir='ltr'>et</span> <span class='ocrx_word' id='word_1_280' title='bbox 1032 3695 1104 3744; x_wconf 87' lang='lat' dir='ltr'>Suet.</span> <span class='ocrx_word' id='word_1_281' title='bbox 1125 3693 1254 3757; x_wconf 79' lang='lat' dir='ltr'>excerptis</span> <span class='ocrx_word' id='word_1_282' title='bbox 1272 3693 1337 3759; x_wconf 86' lang='lat' dir='ltr'>Byz.</span> 
     </span>
     <span class='ocr_line' id='line_1_34' title="bbox 233 3782 457 3842; baseline 0.013 -17"><span class='ocrx_word' id='word_1_283' title='bbox 233 3793 259 3842; x_wconf 93' lang='lat' dir='ltr'>p.</span> <span class='ocrx_word' id='word_1_284' title='bbox 282 3788 331 3825; x_wconf 85' lang='lat'>112</span> <span class='ocrx_word' id='word_1_285' title='bbox 352 3782 378 3825; x_wconf 91' lang='lat' dir='ltr'>et</span> <span class='ocrx_word' id='word_1_286' title='bbox 400 3789 457 3841; x_wconf 86' lang='lat'>145.</span> 
     </span>
    </p>
   </div>
   <div class='ocr_carea' id='block_1_6' title="bbox 231 3878 1335 4036">
    <p class='ocr_par' dir='ltr' id='par_1_7' title="bbox 231 3878 1335 4036">
     <span class='ocr_line' id='line_1_35' title="bbox 333 3878 1335 3951; baseline 0.004 -20"><span class='ocrx_word' id='word_1_287' title='bbox 333 3878 356 3948; x_wconf 80' lang='lat'>³)</span> <span class='ocrx_word' id='word_1_288' title='bbox 374 3881 500 3931; x_wconf 89' lang='lat' dir='ltr'>Similiter</span> <span class='ocrx_word' id='word_1_289' title='bbox 517 3883 588 3934; x_wconf 89' lang='lat' dir='ltr'>Plut.</span> <span class='ocrx_word' id='word_1_290' title='bbox 608 3893 709 3949; x_wconf 89' lang='lat' dir='ltr'>quaest.</span> <span class='ocrx_word' id='word_1_291' title='bbox 730 3887 831 3936; x_wconf 89' lang='lat' dir='ltr'>conuiu.</span> <span class='ocrx_word' id='word_1_292' title='bbox 851 3888 879 3934; x_wconf 93' lang='lat' dir='ltr'>II</span> <span class='ocrx_word' id='word_1_293' title='bbox 901 3899 922 3951; x_wconf 78' lang='grc' dir='ltr'>Ι,</span> <span class='ocrx_word' id='word_1_294' title='bbox 943 3898 974 3935; x_wconf 89' lang='lat'>12</span> <span class='ocrx_word' id='word_1_295' title='bbox 994 3883 1183 3949; x_wconf 82' lang='grc' dir='ltr'>ἀπελεύθερον</span> <span class='ocrx_word' id='word_1_296' title='bbox 1201 3884 1335 3936; x_wconf 88' lang='grc' dir='ltr'>νεόπλου-</span> 
     </span>
     <span class='ocr_line' id='line_1_36' title="bbox 231 3969 1335 4036; baseline 0.005 -19"><span class='ocrx_word' id='word_1_297' title='bbox 231 3984 283 4020; x_wconf 88' lang='grc' dir='ltr'>τον</span> <span class='ocrx_word' id='word_1_298' title='bbox 302 3969 444 4032; x_wconf 86' lang='lat' dir='ltr'>interrogat</span> <span class='ocrx_word' id='word_1_299' title='bbox 469 3970 565 4036; x_wconf 89' lang='lat' dir='ltr'>aliquis</span> <span class='ocrx_word' id='word_1_300' title='bbox 593 3977 655 4036; x_wconf 88' lang='grc' dir='ltr'>πῶς</span> <span class='ocrx_word' id='word_1_301' title='bbox 682 3975 712 4026; x_wconf 82' lang='grc' dir='ltr'>ἐκ</span> <span class='ocrx_word' id='word_1_302' title='bbox 741 3977 800 4026; x_wconf 91' lang='grc' dir='ltr'>τῶν</span> <span class='ocrx_word' id='word_1_303' title='bbox 829 3976 939 4027; x_wconf 90' lang='grc' dir='ltr'>λευκῶν</span> <span class='ocrx_word' id='word_1_304' title='bbox 965 3974 1010 4025; x_wconf 89' lang='grc' dir='ltr'>καί</span> <span class='ocrx_word' id='word_1_305' title='bbox 1028 3970 1156 4035; x_wconf 86' lang='grc' dir='ltr'>μελάνων</span> <span class='ocrx_word' id='word_1_306' title='bbox 1180 3970 1335 4036; x_wconf 80' lang='grc' dir='ltr'>ἱμάντων</span> 
     </span>
    </p>
   </div>
   <div class='ocr_carea' id='block_1_7' title="bbox 233 4056 1336 4214">
    <p class='ocr_par' dir='ltr' id='par_1_8' title="bbox 233 4056 1336 4214">
     <span class='ocr_line' id='line_1_37' title="bbox 233 4056 1336 4128; baseline 0.004 -20"><span class='ocrx_word' id='word_1_307' title='bbox 233 4063 356 4124; x_wconf 84' lang='grc' dir='ltr'>φοινικοῖ</span> <span class='ocrx_word' id='word_1_308' title='bbox 373 4056 499 4123; x_wconf 85' lang='grc' dir='ltr'>γίνονται</span> <span class='ocrx_word' id='word_1_309' title='bbox 518 4059 656 4124; x_wconf 84' lang='grc' dir='ltr'>μώλωπες</span> <span class='ocrx_word' id='word_1_310' title='bbox 676 4062 806 4128; x_wconf 82' lang='lat' dir='ltr'>(Macrob.</span> <span class='ocrx_word' id='word_1_311' title='bbox 827 4060 989 4127; x_wconf 81' lang='lat' dir='ltr'>V113‚13):</span> <span class='ocrx_word' id='word_1_312' title='bbox 1010 4059 1138 4124; x_wconf 84' lang='grc' dir='ltr'>εὐτυχῶν</span> <span class='ocrx_word' id='word_1_313' title='bbox 1157 4058 1336 4125; x_wconf 86' lang='grc' dir='ltr'>μαστιγίας</span> 
     </span>
     <span class='ocr_line' id='line_1_38' title="bbox 234 4146 1334 4214; baseline 0.004 -20"><span class='ocrx_word' id='word_1_314' title='bbox 234 4147 267 4194; x_wconf 89' lang='lat' dir='ltr'>de</span> <span class='ocrx_word' id='word_1_315' title='bbox 286 4146 400 4212; x_wconf 84' lang='lat' dir='ltr'>Polybio</span> <span class='ocrx_word' id='word_1_316' title='bbox 419 4146 522 4196; x_wconf 89' lang='lat' dir='ltr'>Claudii</span> <span class='ocrx_word' id='word_1_317' title='bbox 541 4148 664 4198; x_wconf 88' lang='lat' dir='ltr'>libertino</span> <span class='ocrx_word' id='word_1_318' title='bbox 683 4151 765 4201; x_wconf 88' lang='lat' dir='ltr'>Mein.</span> <span class='ocrx_word' id='word_1_319' title='bbox 780 4164 845 4200; x_wconf 89' lang='lat' dir='ltr'>com.</span> <span class='ocrx_word' id='word_1_320' title='bbox 857 4149 902 4200; x_wconf 86' lang='lat' dir='ltr'>Gr.</span> <span class='ocrx_word' id='word_1_321' title='bbox 915 4165 939 4214; x_wconf 80' lang='lat'>4,</span> <span class='ocrx_word' id='word_1_322' title='bbox 950 4149 1010 4209; x_wconf 85' lang='lat'>614.</span> <span class='ocrx_word' id='word_1_323' title='bbox 1030 4147 1105 4198; x_wconf 88' lang='lat' dir='ltr'>Cons.</span> <span class='ocrx_word' id='word_1_324' title='bbox 1116 4153 1214 4198; x_wconf 85' lang='lat' dir='ltr'>Anacr.</span> <span class='ocrx_word' id='word_1_325' title='bbox 1228 4150 1277 4212; x_wconf 84' lang='lat' dir='ltr'>srg.</span> <span class='ocrx_word' id='word_1_326' title='bbox 1293 4160 1334 4198; x_wconf 92' lang='lat'>21.</span> 
     </span>
    </p>
   </div>
   <div class='ocr_carea' id='block_1_8' title="bbox 0 0 1504 4744">
    <p class='ocr_par' dir='ltr' id='par_1_9' title="bbox 0 0 1504 4744">
     <span class='ocr_line' id='line_1_39' title="bbox 0 0 1504 4744; baseline 0 1"><span class='ocrx_word' id='word_1_327' title='bbox 0 0 1504 4744; x_wconf 95' lang='lat' dir='ltr'> </span> 
     </span>
    </p>
   </div>
  </div>
 </body>
</html>
