2998 4744
779 222 815 281 ιδ

243 427 310 468 mos
332 407 572 468 Atheniensibus
595 405 664 466 fuit:
687 410 728 466 de
750 407 907 466 Thebanis
931 409 1012 469 conf.
1027 406 1103 470 Plut.
1125 417 1252 470 amator.
1276 425 1343 486 cap.

248 525 294 586 17,
320 525 358 568 ιο
378 527 453 570 mor.
476 529 506 587 p.
530 509 586 585 761
612 510 651 567 B:
681 504 765 585 Παρ’
789 505 863 584 ὑμῖν
885 507 921 570 δὲ
944 556 950 571 .
975 557 981 570 .
1005 556 1011 569 .
1034 509 1104 584 τοῖς
1126 505 1288 585 Θηβαίοις·
1305 505 1344 570 οὐ

242 606 439 691 πανοπλίαι)
474 607 656 687 ὁέραστής
689 607 846 686 ἐδωρεῖτο
880 607 938 672 τὸν
961 607 1122 686 ἐρώμενον
1155 607 1189 686 ἐς
1223 606 1344 686 ἄνδρας

240 707 329 789 (corr.
341 712 570 771 Winelrelmsnn
587 730 625 769 ex
639 707 776 788 ἀνδέτας
795 707 938 788 ἀρδέλας
962 707 1101 788 ἀρδέτας
1113 713 1232 770 traditis
1254 713 1345 787 scrip·

240 807 328 891 turis)
351 810 608 889 ἐγγραφόμενον;
642 808 779 875 Ἤλλαξε
813 810 850 873 δέ
889 809 941 872 καὶ
975 809 1125 887 μετέθηκε
1159 808 1246 876 τάξιν
1279 813 1345 873 τῶν

241 911 382 975 ὁπλιτῶν
412 911 565 990 ἐρωτικὸς
598 909 679 989 ἀνὴρ
701 910 883 989 Παμμένης
905 908 1050 989 Ὅμηρον
1082 910 1344 990 ἐπιμεμψάμενος

240 1012 286 1090 ῶς
309 1010 491 1090 ἀνέραστον
518 1010 567 1075 ὅτι
594 1011 676 1075 κατὰ
697 1014 784 1090 φῦλα
811 1011 865 1075 καὶ
886 1011 1033 1090 φρήτρας
1060 1012 1244 1090 συνελόχιζε
1266 1011 1344 1088 τοὺς

241 1112 397 1193 Ἀχαιούς,
420 1113 479 1177 οὐκ
491 1113 654 1192 ἐρώμενον
665 1111 801 1178 ἔταττε
824 1114 928 1191 παρὰ
950 1113 1166 1192 ἐραστήνκτλ.
1184 1148 1220 1162 -
1235 1115 1343 1188 Quod·

241 1237 313 1276 nam
335 1218 495 1276 habuerint
518 1235 631 1276 nomen
656 1218 768 1295 ephebi
790 1219 831 1276 illi
846 1218 989 1275 militibus
1006 1219 1192 1276 amatoribus
1211 1218 1344 1294 appositi

240 1319 272 1375 in
303 1319 369 1377 acie
391 1319 559 1379 nescimus:
593 1327 695 1377 tamen
723 1335 836 1377 nomen
862 1315 1106 1394 παράτακτοι
1133 1319 1217 1378 haud
1238 1320 1344 1394 inepte

242 1437 280 1477 ex
302 1421 347 1478 eis
369 1420 442 1478 loeis
465 1437 542 1496 quos
564 1421 660 1478 modo
680 1421 767 1478 attuli
789 1421 833 1478 eis
857 1420 950 1479 fuisse
970 1421 1068 1496 colligi
1090 1437 1182 1496 posse
1205 1420 1342 1480 arbitror.

242 1517 331 1590 Quae
354 1538 416 1578 uox
448 1521 505 1578 etsi
532 1522 563 1578 iu
584 1521 697 1579 nostris
721 1519 870 1578 thesauris
893 1521 1014 1596 linguae
1036 1520 1177 1580 Graecae
1204 1539 1268 1579 non
1290 1539 1343 1578 ex·

242 1631 303 1680 stat
324 1631 427 1679 tamen
445 1622 577 1698 legitime
600 1641 619 1679 a
634 1639 711 1680 uoce
726 1618 952 1697 παρατάσσειν
968 1641 1046 1700 quae
1059 1625 1226 1683 admodum
1248 1623 1342 1698 saepe

241 1724 351 1782 talibus
384 1723 510 1800 ephebis
545 1723 709 1782 adhibetur
744 1724 881 1782 deducta
915 1734 971 1784 est.
1016 1724 1159 1782 Similiter
1190 1726 1221 1782 in
1249 1722 1342 1782 Creta

240 1825 340 1883 insula
367 1825 434 1883 talis
457 1824 594 1901 ephebus
616 1825 787 1882 uocabatur
808 1822 1087 1901 παρασταθείς,
1110 1827 1193 1903 quod
1220 1826 1259 1882 ab
1280 1843 1342 1884 uno

240 1926 391 1985 Strabone
415 1926 443 1983 X
476 1945 505 2001 p.
529 1923 590 1999 484
627 1927 773 1983 traditum
806 1935 854 1986 est
883 1925 928 1983 his
951 1927 1067 1984 uerbis:
1100 1921 1241 2002 Ἀφίεται
1264 1921 1342 1987 δέ·ὁ

239 2027 317 2101 παῖς
340 2025 427 2102 δῶρα
450 2023 556 2102 λαβὼν
584 2023 706 2100 στολὴν
735 2024 909 2101 πολεμικὴν
941 2023 993 2088 καὶ
1015 2013 1093 2104 βοῦν
1115 2024 1168 2088 καὶ
1186 2025 1343 2103 ποτήριον

240 2173 247 2186 .
271 2175 277 2187 .
303 2175 310 2186 .
333 2123 410 2202 Τοῖς
433 2123 469 2187 δέ
492 2125 603 2201 καλοῖς
627 2124 685 2201 τὴν
708 2121 797 2188 ἰδέαν
817 2124 869 2187 καὶ
890 2124 1063 2202 προγόνων
1085 2124 1251 2203 ἐπιφανῶν
1273 2122 1342 2188 αἰσ-

239 2224 319 2303 χρὸν
341 2225 487 2303 ἐραστῶν
510 2224 550 2302 μὴ
568 2227 676 2303 τυχεῖν
699 2223 744 2302 ῶς
767 2225 818 2288 διὰ
840 2225 897 2289 τὸν
909 2225 1032 2303 τρόπον
1053 2229 1151 2289 τοῦτο
1172 2229 1340 2290 παθοῦσιν.

239 2323 374 2404 Ἔχουσι
397 2326 433 2390 δὲ
451 2326 544 2404 τιμὰς
575 2324 605 2390 ol
628 2327 963 2406 παρασταθέντες
992 2325 1093 2409 (οὕτω
1121 2327 1183 2406 γὰρ
1206 2330 1341 2391 καλοῦσι

238 2427 316 2505 τοὺς
339 2424 570 2506 ἁρπαγέντας)’
600 2425 636 2490 ἐν
658 2446 694 2489 τε
715 2427 777 2505 γὰρ
799 2431 869 2506 τοῖς
890 2431 1002 2506 χοροῖς
1031 2427 1082 2491 καὶ
1104 2429 1174 2504 τοῖς
1207 2427 1340 2507 δρόμοις

239 2526 351 2606 έχουσι
371 2528 431 2606 τὰς
453 2527 662 2607 ἐντιμοτάτας
684 2528 794 2607 χῶρας
817 2532 881 2593 κτλ.

338 2633 476 2690 Alterum
491 2634 576 2707 quod
593 2634 676 2708 apud
693 2633 827 2690 Nonium
843 2641 891 2690 est
904 2633 1009 2690 Lucilii
1024 2633 1226 2708 fragmentum
1238 2651 1340 2690 emen·

240 2735 313 2790 dare
336 2733 410 2791 mihi
431 2751 494 2790 non
517 2734 656 2807 contigit:
681 2731 825 2791 Uarronis
848 2735 943 2791 uerba
960 2735 1004 2792 ita
1025 2752 1085 2809 ego
1108 2735 1232 2809 quidem
1247 2733 1340 2810 scrip·

239 2839 342 2896 serim:
381 2838 552 2896 Puratactoe
571 2839 680 2895 adsunt
703 2838 874 2912 mulierque.
906 2833 1023 2892 Mulier
1044 2830 1219 2910 uenus[tum]
1244 2840 1336 2909 caput.

238 2940 408 2999 Uenustum
431 2951 531 3018 caput,
554 2943 639 3001 uelut
662 2943 733 3000 Ter.
757 2942 817 2999 Ad.
838 2939 867 2995 V
882 2957 914 3014 ρ,
937 2956 956 3013 9
976 2937 1005 2995 11
1025 2953 1054 3012 3,
1078 2937 1096 2996 8
1119 2938 1242 3012 laepz'dum
1255 2941 1342 3009 caput

238 3043 310 3100 dicit
332 3051 363 3100 et
375 3040 520 3119 festiuum
542 3050 629 3119 caput
647 3061 747 3120 neque
770 3043 857 3100 aliter
879 3041 998 3099 Graeci.

339 3323 431 3380 Libro
453 3320 512 3379 XV
534 3339 583 3381 uu
606 3337 669 3393 410
691 3338 757 3396 sqq.
780 3320 815 3380 L.
841 3335 857 3393 5
882 3335 947 3394 sqq.
970 3317 1067 3376 Mite
1091 3317 1247 3392 leguntur:

323 3424 495 3482 Tetriculas
519 3423 651 3492 Lamiae,
673 3422 772 3480 Fauni
794 3439 869 3496 quas
894 3419 1096 3496 Pompiliique

322 3525 479 3582 instituere
501 3524 620 3584 Numae
642 3524 744 3582 tremit
764 3523 831 3592 has,
853 3522 902 3580 hic
924 3520 1027 3579 omnia
1048 3519 1144 3595 ponit.

322 3634 356 3684 ut
376 3627 460 3701 pueri
482 3626 614 3684 infantes
637 3626 767 3683 credunt
788 3625 876 3699 signa
898 3623 1002 3680 omnia
1023 3620 1124 3677 ahena

322 3729 426 3785 uiuere
446 3735 479 3785 et
501 3746 571 3786 esse
593 3728 732 3786 homiues
755 3726 798 3783 sic
818 3726 884 3784 istic
904 3723 1007 3782 omnia
1029 3722 1100 3779 ficta

324 3847 398 3886 uera
420 3837 538 3905 putant,
560 3830 691 3887 credunt
713 3827 806 3902 siguis
828 3843 881 3884 cor
900 3825 1000 3882 inesse
1022 3824 1054 3880 in
1077 3821 1192 3881 ahenis,

322 3930 448 4006 pergula
470 3930 632 4006 pictorum,
656 3931 720 3989 ueri
742 3927 825 4000 nihil,
848 3927 952 3985 omnia
973 3926 1051 3985 ficta.

240 4077 437 4088 ...ω-...-

342 4161 361 4231 ¹)
381 4165 434 4217 Cir.
454 4163 523 4217 Plat.
543 4167 649 4218 Menex.
668 4182 694 4233 p.
715 4176 765 4228 249
784 4165 813 4214 A
832 4179 890 4215 cum
910 4161 1078 4213 adnotatione
1098 4155 1274 4210 Stallbaumii.
