2980 4752
729 225 768 282 59

205 387 337 469 (apocol.
353 391 413 472 10),
427 396 546 470 prtinus
562 396 766 470 interrogatur
775 397 943 452 sententiam
953 396 1050 452 ‘Ianus
1055 401 1144 470 pater
1157 390 1216 471 (9),
1230 411 1301 470 pro·

205 495 301 553 ximus
323 495 485 571 Diespiter,
510 497 581 553 dein
602 497 758 570 Augustus
788 497 974 555 sententiam
1005 496 1081 554 dicit
1110 497 1150 552 de
1173 494 1301 554 Claudio

205 615 245 653 ex
266 594 398 676 Olympo
421 597 580 656 eiciendo:
603 605 760 673 postremo
781 591 924 673 ‘pedibus
950 598 983 656 in
1013 597 1094 656 hanc
1115 596 1301 654 sententiam

203 697 278 756 itum
301 692 362 755 est'
385 691 463 775 (11).

303 799 369 857 Iam
390 799 442 856 ubi
462 799 592 858 uidimus
615 818 675 876 quo
700 800 794 857 modo
818 799 850 858 di
872 805 1002 873 agentes
1017 797 1209 865 inducantur,
1232 815 1302 872 pro·

205 881 317 959 ximum
340 910 388 959 est
410 919 555 976 quaerere
571 902 712 976 quisnam
734 900 823 960 fuerit
844 899 948 974 Lupus
971 899 1031 967 ille,
1055 899 1095 958 de
1118 899 1201 956 cuius
1224 899 1302 956 inte-

203 1003 261 1060 ritu
284 1003 465 1072 deliberant,
491 1003 564 1060 dein
586 1021 719 1079 quonam
745 1012 883 1078 tempore
913 1001 1073 1059 concilium
1097 1001 1226 1058 deorum
1248 999 1302 1056 ha·

201 1104 299 1161 bitum
323 1104 442 1161 finxerit
463 1111 566 1179 poeta.
611 1105 719 1161 Fuisse
742 1121 811 1161 eum
833 1103 867 1163 P.
889 1103 1035 1161 Rutilium
1050 1102 1172 1178 Lupum
1193 1109 1302 1176 putant

204 1205 368 1279 Porphyrio
400 1204 441 1264 ad
463 1205 538 1263 Hor.
562 1213 619 1264 sat.
641 1204 669 1262 H
695 1222 720 1275 1,
744 1204 783 1262 68
818 1205 926 1263 Dousa
953 1222 1012 1262 van
1033 1203 1178 1260 Heusde:
1212 1203 1300 1262 male.

206 1304 339 1381 Oportet
359 1307 440 1365 enim
462 1307 674 1381 intellegamus
695 1307 851 1364 hommem
872 1314 1034 1380 potentem
1056 1305 1187 1379 aliquem
1209 1304 1302 1361 aLu·

204 1407 273 1464 cilio
295 1407 519 1482 impugnatum:
543 1415 575 1464 at
599 1407 632 1464 P.
646 1406 776 1464 Rutilius
796 1406 900 1481 Lupus
921 1423 983 1464 coe.
996 1403 1124 1478 664lqo,
1146 1404 1198 1479 qui
1220 1403 1302 1461 solus

204 1509 230 1565 si
253 1508 417 1583 Porphyrio
442 1525 505 1564 non
527 1507 673 1565 errauerit
694 1508 724 1564 in
749 1524 876 1565 censum
896 1507 990 1574 uenit,
1017 1522 1056 1564 eo
1079 1515 1216 1580 tempore
1239 1521 1301 1578 quo

202 1609 334 1667 Lucilius
357 1610 397 1666 de
417 1617 514 1666 morte
537 1608 616 1684 Lupi
636 1609 763 1683 scripsit,
788 1608 928 1665 nondum
951 1607 1072 1664 adultus
1095 1615 1171 1666 erat.
1192 1606 1301 1683 Itaque

202 1717 286 1767 recte
309 1708 427 1785 Popma
442 1711 472 1767 ni
494 1709 580 1768 fallor
607 1710 718 1785 primus
748 1710 898 1768 intellexit
926 1709 1027 1785 decipi
1052 1727 1070 1764 a
1093 1706 1301 1784 Porphyrione

204 1811 286 1868 uiros
312 1813 423 1868 doctos
457 1817 489 1868 et
519 1812 680 1887 proposuit
714 1820 851 1887 carptum
884 1831 903 1869 a
924 1810 1041 1869 Lucilio
1064 1809 1100 1870 L.
1127 1807 1301 1870 Cornelium

204 1912 368 1969 Lentulum
390 1930 453 1974 cos.
469 1911 544 1986 598)
551 1913 607 1986 156
630 1932 713 1972 cens.
730 1909 878 1988 607l147‚
903 1912 1017 1989 dequo
1034 1908 1110 1972 nihil
1123 1911 1233 1969 scimus
1244 1910 1301 1968 nisi

204 2032 285 2088 quae
314 2012 378 2072 Cic.
406 2012 499 2074 Tusc.
523 2014 568 2072 III
592 2029 627 2088 51
662 2015 744 2073 Brut.
769 2029 807 2088 79
829 2012 897 2072 Ual.
928 2013 1011 2071 Max.
1035 2013 1079 2070 VI
1101 2030 1131 2087 q,
1157 2027 1194 2070 10
1216 2012 1299 2071 Fest.

204 2134 235 2190 p.
260 2115 318 2189 285
342 2116 465 2173 tradunt
477 2113 499 2186 ¹)
521 2134 584 2173 non
605 2117 791 2192 pertinentia
813 2117 855 2172 ad
869 2115 1023 2176 Lucilium.
1058 2116 1121 2174 Sed
1145 2132 1224 2191 quae
1247 2115 1302 2178 ad-

204 2217 316 2290 scripta
337 2226 408 2273 sunt
430 2218 472 2273 ad
493 2216 570 2275 Hor.
596 2225 655 2276 sat.
678 2217 707 2274 II
733 2233 758 2284 1,
781 2216 819 2291 67
843 2217 874 2273 ln
897 2217 1004 2276 codice
1026 2216 1164 2274 Parisino
1188 2229 1302 2291 79751·

202 2319 368 2396 Hauthalii‚
402 2319 484 2376 cuius
516 2319 737 2394 praestantiam
769 2319 830 2376 iam
873 2337 963 2394 supra
995 2317 1194 2394 cognouimus
1233 2335 1302 2374 cum

202 2439 234 2480 u.
260 2435 316 2494 271
343 2421 368 2478 L
392 2419 464 2478 VIII
488 2435 504 2494 7
528 2420 560 2477 M
585 2420 802 2489 tractabamus
826 2403 957 2480 Actoriis
984 2421 1079 2477 uerba
1111 2438 1130 2476 a
1151 2418 1304 2493 plerisque

182 2521 355 2594 neglecta,
389 2539 427 2578 ea
460 2521 566 2578 summi
588 2521 677 2596 pretii
709 2538 779 2578 esse
813 2538 916 2597 neque
951 2520 1075 2577 omnino
1098 2537 1117 2576 a
1139 2518 1303 2576 scholiasta

203 2621 340 2698 potuisse
364 2621 437 2696 fingi
462 2629 551 2697 puto:
589 2621 662 2679 dicit
693 2621 775 2678 enim
801 2620 891 2679 haec:
937 2618 1060 2694 Offensz':
1099 2619 1198 2676 Laeti.
1222 2617 1303 2676 Num

204 2722 319 2778 zizriru'ci
348 2723 439 2796 ipsius
465 2722 550 2801 facti
584 2729 653 2779 sunt
695 2729 749 2778 aut
774 2729 897 2796 propter
934 2720 1059 2795 Lupum,
1100 2725 1155 2776 aut
1180 2723 1305 2793 propter

205 2820 368 2880 Metellum.
420 2821 522 2896 Lupus
549 2824 688 2896 przizceps
711 2821 781 2901 suit
804 2827 928 2879 senatus.
973 2821 1126 2879 Acronem
1160 2820 1211 2896 qui
1239 2837 1305 2876 om·

206 2924 277 2980 nino
311 2921 517 2998 Porphyrione
537 2924 674 2980 ¹doctior
705 2933 753 2981 est
787 2923 837 2981 ubi
872 2925 913 2980 de
948 2921 1064 2980 Lucilio
1101 2921 1208 2997 agitur,
1244 2919 1304 2977 hoc

203 3022 328 3081 finxisse
360 3023 464 3098 utique
497 3040 598 3097 nego:
643 3041 745 3099 neque
777 3021 859 3081 enim
891 3032 939 3080 est
972 3023 1057 3080 unde
1088 3022 1223 3098 potuerit
1248 3020 1303 3077 fin-

204 3142 286 3199 gere.
338 3124 514 3199 Legebatur
544 3125 686 3200 princeps
720 3133 846 3182 senatus
880 3125 986 3199 quinto
1019 3140 1143 3199 quoque
1179 3140 1261 3182 anno
1285 3140 1303 3179 a

203 3243 331 3283 censore
358 3225 479 3300 plebeio
502 3225 621 3300 collega
652 3226 807 3300 patricius,
843 3228 928 3301 quod
961 3224 1079 3299 patricii
1111 3232 1230 3281 tantum
1250 3222 1302 3279 illo

204 3345 328 3383 munere
344 3327 438 3384 functi
453 3344 522 3383 esse
538 3327 680 3384 uidentur
699 3324 886 3402 (Mommsen
901 3327 1009 3384 Roem.
1026 3326 1049 3382 F
1052 3325 1150 3384 orsch.
1167 3325 1180 3382 I
1195 3345 1223 3400 p.
1238 3323 1301 3398 94).

203 3429 307 3503 Atque
331 3444 411 3484 anno
435 3425 511 3501 623s
517 3444 569 3500 131
603 3422 655 3500 ‘Q.
672 3428 834 3502 Pompeius
858 3427 896 3500 Q.
918 3427 1057 3484 Metellus
1080 3435 1152 3483 tunc
1173 3427 1302 3502 primum

204 3537 334 3605 uterque
356 3529 508 3604 explebe
536 3529 609 3587 sacti
637 3547 780 3587 censores
808 3528 936 3586 lustrum
958 3521 1187 3586 condiderunt’.
1221 3523 1302 3602 (Liu.

203 3647 265 3704 per.
289 3624 352 3705 59).
397 3628 458 3701 Qui
479 3629 607 3688 Lucium
630 3631 795 3688 Lentulum
807 3626 960 3705 Lupum2)
982 3629 1121 3702 legenmt
1135 3627 1302 3704 principem

304 3889 323 3950 ¹)
340 3889 476 3938 Drumann
498 3888 530 3937 G.
542 3889 578 3936 R.
598 3890 625 3937 II
642 3905 668 3954 p.
691 3889 750 3954 528.
769 3890 884 3951 Legatos
904 3888 953 3938 fnit
972 3904 1041 3938 anno
1060 3889 1174 3954 5921162
1194 3886 1301 3956 (Polyb.

204 3979 307 4028 XXXI
326 3978 370 4040 23)
391 3977 485 4025 aedilis
506 3977 603 4026 curulis
624 3979 738 4042 5911163
757 3976 858 4040 (titulus
877 3979 936 4028 Ter.
957 3977 1118 4039 Heautontl.

305 4064 325 4128 ²)
344 4065 412 4114 Mire
432 4065 534 4125 accidit,
554 4072 583 4114 ut
596 4067 743 4116 Mommsen
754 4068 849 4118 Roem.
861 4065 970 4116 Forsch.
982 4067 996 4114 I
1008 4082 1033 4131 p.
1046 4077 1080 4127 94
1099 4065 1206 4130 ignarus
1226 4065 1302 4115 huius

205 4153 349 4203 testimonii
368 4155 481 4204 eundern
499 4155 531 4206 L.
551 4153 693 4205 Lentulum
716 4154 861 4221 principem
880 4161 987 4204 senatus
1007 4153 1088 4204 luisse
1107 4160 1234 4204 sumeret:
1255 4155 1303 4204 sed
