2980 4752
743 226 781 286 92

217 398 302 455 multi
321 413 467 454 monuere
491 395 631 468 (Mueller
650 398 722 455 edit.
746 414 775 471 p.
794 393 867 470 288)
892 379 1054 454 afferentes
1070 412 1193 452 uersum
1215 395 1319 454 illum:

302 497 434 570 Quintus
458 496 597 573 Opimius
620 497 679 572 ille,
702 497 871 571 Iugurthini
892 506 981 572 pater
1002 497 1091 554 huius
1314 559 1319 566 ,

217 598 298 658 00111.
321 597 488 656 Buecheler
516 617 632 674 proem.
660 599 749 655 Bonn
782 590 858 672 1877
881 617 910 672 p.
934 597 968 657 6:
1002 597 1151 655 Lucilium
1179 598 1321 671 denique

217 708 287 772 post
323 717 438 758 annum
467 699 603 774 6471107
641 708 760 758 saturas
793 700 950 774 scripsisse
982 700 1096 757 euincit
1131 697 1193 756 Cic.
1230 699 1321 755 Brut.

222 798 288 867 160,
322 801 372 876 qui
403 802 443 858 de
470 801 504 860 L.
529 801 646 858 Licinio
670 800 797 858 Crasso:
831 795 887 857 ‘ita
923 801 1034 858 tacitus
1067 800 1249 884 tribunatus,¹
1284 807 1324 857 ut

216 903 275 960 nisi
303 904 334 960 in
361 920 399 961 eo
424 904 603 979 magistratu
640 903 815 960 cenauisset
844 904 928 978 apud
956 919 1141 976 praeconem
1165 900 1323 958 Granium

216 1005 311 1079 idque
326 1005 414 1062 nobis
426 1004 472 1061 bis
490 1005 674 1062 narrauisset
686 1005 830 1077 Lucilius,
846 1003 998 1060 tribunum
1013 1004 1111 1078 plebis
1126 1003 1321 1060 nesciremus

217 1097 336 1184 fuisse’.
359 1103 454 1161 Porro
475 1104 546 1161 ror:
569 1099 734 1162 ‘Omnibus
756 1105 881 1179 quidem
902 1103 981 1173 aliis‚'
999 1105 1133 1180 inquam,
1156 1104 1186 1160 in
1204 1103 1323 1178 magis·

216 1203 344 1261 tratibus
368 1201 424 1275 (sc.
451 1204 603 1262 Scaeuola
624 1203 725 1262 Crassi
748 1206 864 1281 collega
887 1202 966 1280 111111,
991 1207 1047 1262 sed
1069 1205 1209 1262 tribunus
1232 1223 1321 1261 anno

215 1313 286 1378 post
318 1304 373 1362 11111
405 1323 505 1382 eoque
540 1308 570 1362 in
605 1307 708 1364 rostris
742 1309 872 1365 sedente
906 1309 1003 1365 suasit
1033 1307 1132 1381 legem
1155 1305 1322 1363 Seruiliam

216 1404 343 1464 Crassus
351 1402 369 1466 '.
404 1408 469 1464 Lex
485 1407 612 1465 Seruilia
629 1426 710 1465 anno
727 1407 865 1482 6481106
889 1408 950 1466 lata
966 1417 1027 1466 est:
1044 1407 1123 1467 00111.
1140 1407 1322 1464 Mommsen

218 1505 255 1565 R.
269 1507 307 1568 G.
320 1508 349 1565 11
358 1528 386 1584 p.
404 1524 471 1584 129.
496 1508 578 1583 Ergo
595 1508 729 1566 Lucilius
745 1518 815 1584 post
828 1527 942 1567 annum
957 1504 1094 1584 647l107
1111 1526 1172 1583 quo
1184 1507 1320 1565 Crassus

217 1609 353 1668 tribunus
383 1619 449 1668 erat
476 1619 537 1668 tres
565 1618 717 1668 extremos
746 1619 831 1668 certo
863 1610 955 1666 libros
986 1611 1175 1686 composuit:
1211 1626 1320 1684 neque

217 1711 298 1768 enim
321 1711 351 1769 111
374 1714 487 1770 eodem
509 1713 584 1770 libro
608 1713 653 1770 bis
678 1712 784 1770 Granii
807 1730 918 1770 cenam
940 1721 1094 1770 narratam
1123 1727 1192 1768 esse
1216 1711 1320 1766 credi·

217 1811 277 1870 bile
301 1821 348 1871 est
371 1831 472 1889 neque
495 1815 525 1870 in
554 1815 675 1872 duobus
699 1815 863 1872 continuis.
907 1815 971 1872 Sed
993 1831 1047 1871 cur
1069 1814 1147 1870 inter
1170 1813 1277 1869 librum
1303 1811 1318 1868 I

217 1922 249 1970 et
270 1913 298 1970 Il
334 1915 372 1973 ab
405 1933 486 1972 anno
521 1913 658 1985 6281126
692 1933 787 1990 usque
815 1918 856 1973 ad
880 1911 1318 1988 11111111111635111911110111113

218 2026 336 2075 saturas
359 2035 422 2074 non
445 2013 584 2092 scripsit?

318 2114 351 2176 C.
368 2116 501 2174 Lucilius
525 2117 657 2174 Suessae
673 2117 836 2174 Auruncae
855 2126 946 2175 natus
970 2126 1018 2174 est
1032 2111 1064 2194 ¹),
1087 2133 1200 2191 genere
1217 2115 1317 2171 diuite

219 2215 306 2289 (Hor.
331 2225 388 2276 sat.
404 2217 431 2273 ll
452 2232 476 2287 1,
492 2232 529 2292 75
553 2219 655 2294 ibique
679 2217 797 2292 scholl).
842 2218 955 2276 Suessa
977 2220 1124 2294 oppidum
1147 2218 1317 2294 quotannis

216 2325 338 2392 praeter
369 2318 490 2393 pedites
524 2320 642 2377 circiter
663 2319 719 2377 LX
747 2319 866 2395 equites
899 2320 1014 2395 populo
1042 2319 1184 2376 Romano
1217 2319 1317 2375 dabat

217 2417 295 2494 (Liu.
319 2420 422 2477 XXIX
448 2435 494 2493 15,
518 2417 561 2496 5),
588 2422 667 2479 inter
689 2439 767 2497 quos
790 2423 855 2478 sine
878 2422 973 2478 dubio
995 2417 1132 2480 Lucilius
1155 2421 1316 2496 quondam

216 2527 291 2589 erat,
314 2521 496 2595 cumprime
518 2522 671 2596 stipendia
695 2521 849 2578 merebat:
879 2540 950 2579 nam
972 2538 1071 2578 annos
1098 2529 1190 2577 natus
1211 2519 1313 2578 XLVI

216 2639 298 2678 anno
331 2618 470 2694 6201134
503 2621 678 2697 Scipionem
709 2624 738 2678 in
762 2622 944 2697 Hispaniam
979 2629 1101 2678 secutus
1135 2630 1184 2679 est
1216 2638 1313 2698 eques

318 2897 338 2963 11
354 2899 473 2949 Lucilius
494 2901 550 2950 sine
570 2901 653 2950 dubio
673 2901 780 2950 caelebs
800 2902 865 2952 uixit
890 2903 922 2950 ad
943 2917 1071 2952 summam
1091 2907 1260 2960 senectutem,
1290 2902 1314 2950 si

217 2984 273 3034 eius
297 2986 421 3052 reliquias
447 2995 517 3037 10010
541 2988 679 3052 intellego.
704 2991 816 3060 ¹Itaque
841 2991 941 3039 etiamsi
964 2992 1069 3039 Romae
1094 2989 1200 3039 domum
1222 2987 1315 3038 habuit

215 3072 341 3138 (Mueller
359 3074 420 3125 edit.
438 3092 464 3140 p.
479 3081 539 3139 171)
559 3078 626 3126 ciuis
645 3079 785 3128 Romanus
799 3079 855 3128 11011
874 3094 929 3128 non
947 3078 1042 3143 potuit,
1061 3078 1134 3144 quod
1157 3078 1194 3127 eis
1213 3084 1314 3126 tantum

215 3161 316 3227 liceret,
336 3162 379 3226 qui
398 3163 506 3228 stirpem
526 3181 606 3214 exse
626 3167 698 3215 domi
718 3167 892 3230 reliquissent.
930 3165 1007 3216 Conf.
1026 3168 1085 3216 Liu.
1098 3180 1143 3229 41,
1157 3167 1210 3228 8‚9
1236 3173 1313 3230 atque

216 3251 321 3299 omnino
342 3250 375 3298 de
395 3251 475 3301 sociis
495 3253 606 3303 nominis
626 3254 713 3303 Latini
735 3255 763 3302 111
782 3256 847 3304 urbe
870 3255 1092 3306 commorantibus
1111 3257 1169 3307 Liu.
1190 3269 1231 3319 39,
1252 3267 1276 3318 3,
1296 3267 1312 3316 4

215 3338 305 3403 ibique
323 3339 478 3405 interpretes
499 3348 525 3390 et
545 3353 586 3406 25,
598 3354 622 3405 3,
640 3343 679 3395 16.
718 3343 815 3392 Contra
833 3343 926 3393 Lucilii
945 3344 1024 3393 frater
1044 3352 1070 3394 et
1089 3345 1152 3394 ciuis
1174 3346 1312 3394 Romanus

216 3426 263 3475 fuit
291 3434 316 3477 et
343 3433 456 3488 senator,
483 3431 556 3480 cuius
584 3430 639 3481 filia
657 3432 759 3481 Lucilia
787 3432 898 3497 (‘stirpis
928 3433 1088 3483 senatoriae'
1117 3433 1190 3484 Uell.
1214 3435 1241 3482 II
1267 3429 1312 3499 29)

216 3512 260 3562 Cn.
281 3515 391 3580 Pompei
410 3517 545 3568 Strabonis
562 3537 628 3570 uxor
648 3521 694 3571 Cu.
712 3521 824 3586 Pompei
843 3522 933 3584 Magni
950 3529 1034 3572 mater
1052 3523 1122 3572 facta
1141 3530 1187 3574 est.
1224 3525 1311 3572 Recte

214 3602 293 3664 igitur
312 3605 385 3654 Acro
414 3606 447 3655 ad
467 3609 533 3659 Hor.
558 3615 605 3659 sat.
624 3611 651 3658 11
674 3621 695 3668 1,
717 3618 763 3672 75:
787 3609 872 3658 ‘Infra
891 3611 976 3659 Lucili
1006 3627 1120 3660 censum.
1157 3612 1225 3661 Ideo
1253 3611 1312 3676 quia

215 3690 297 3740 fertur
315 3693 432 3743 Lucilius
456 3696 537 3746 maior
559 3698 703 3747 auunculus
731 3697 813 3748 fuisse
835 3699 946 3764 Pompei
969 3699 1081 3762 Magni'.
1126 3700 1224 3750 Contra
1249 3702 1312 3749 Por·

215 3781 310 3847 phyrio
336 3784 369 3831 ad
390 3784 408 3834 1.
432 3784 463 3835 l.:
493 3785 614 3836 ‘Constat
642 3787 710 3836 enim
729 3787 860 3837 Lucilium
884 3789 1042 3838 auunculum
1067 3790 1165 3852 (omisit
1188 3789 1247 3840 cod.
1271 3787 1312 3852 M)

215 3871 341 3922 maiorem
360 3873 471 3937 Pompei
498 3873 589 3926 fuisse.
628 3873 744 3943 [Etenim
774 3877 831 3926 auia
850 3879 960 3944 Pompei
988 3878 1087 3927 Lucilii
1115 3894 1190 3927 soror
1210 3875 1311 3944 iuerat]

215 3962 306 4012 Uerba
329 3976 360 4010 ea
382 3977 449 4027 quae
473 3963 569 4012 seclusi
592 3965 674 4025 uncis,
700 3965 768 4015 salsa
791 3973 851 4015 sunt
869 3973 897 4015 ut
915 3982 947 4016 ex
966 3966 1058 4016 Uellei
1078 3967 1139 4016 loco
1159 3972 1268 4030 apparet
1287 3973 1312 4014 et

215 4050 371 4101 scholiastae
394 4051 501 4114 ingenio
530 4053 660 4103 debentur
689 4055 754 4121 quid
782 4055 928 4107 auunculus
956 4055 1040 4106 maior
1068 4055 1103 4104 sit
1126 4069 1263 4120 perperam
1287 4061 1313 4106 et

214 4141 397 4207 intempestiue
418 4142 582 4208 explicantis.
