2980 4752
746 231 784 291 74

298 405 377 465 Nam
399 405 473 481 quid
495 404 632 462 moetino
655 403 861 476 subrectoque
884 401 953 458 huic
975 399 1047 476 opu’
1073 395 1177 475 signo?

215 507 309 564 multo
333 506 480 566 difficilius
503 504 694 579 intellegitur.
739 504 839 577 Atque
860 501 990 577 primum
1013 501 1139 575 quidem
1159 517 1213 574 pro
1244 499 1317 555 sub·

216 609 285 664 z'ecto
308 609 392 684 quod
415 616 462 664 est
483 607 514 663 in
529 605 686 662 codicibus
710 612 793 660 recte
810 605 897 660 dedit
914 602 1048 677 Scaliger
1064 601 1205 658 subrecto:
1229 599 1315 657 conf.

214 708 329 766 Arnob.
352 709 423 766 adu.
446 715 529 783 gent.
554 706 582 762 V
600 720 637 779 29
661 700 710 762 ‘hi
733 705 827 780 phalli
850 722 926 780 quos
949 722 1004 779 per
1019 722 1097 773 rura,
1119 721 1174 778 per
1196 702 1316 777 oppida

210 796 281 865 ¹mos
302 807 433 882 subrigit
455 816 487 864 et
516 814 681 865 ueneratur
711 801 868 881 antiquus'
896 804 975 864 conf.
1001 804 1048 863 28.
1093 802 1207 860 Uersus
1231 801 1317 859 hunc

215 918 380 985 sequentes
404 910 542 966 nondum
563 909 657 983 plane
673 909 855 966 emendatos
874 925 953 964 nunc
973 907 1071 964 mitto.
1116 905 1214 961 Recte
1236 920 1314 960 uero

215 1011 239 1067 si
263 1010 411 1068 contendi
433 1010 510 1066 libro
532 1009 561 1067 II
582 1026 710 1066 causam
732 1009 771 1064 ab
788 1008 918 1065 Albucio
935 1008 1049 1064 dictam
1065 1024 1134 1064 esse
1147 1013 1313 1073 narratam,

215 1120 377 1170 accusator
399 1111 477 1169 ludit
498 1111 557 1170 hoc
581 1129 672 1168 uersu
694 1111 725 1168 in
744 1111 895 1167 moelzizum
916 1109 1033 1184 signum
1054 1108 1106 1166 rei.
1151 1106 1315 1164 Fascinum

214 1212 380 1287 portabant
401 1211 535 1269 infantes
558 1221 588 1269 et
609 1212 697 1287 pueri
722 1212 823 1269 donec
846 1219 950 1284 togam
973 1209 1089 1266 uirilem
1105 1215 1313 1283 sumpserunt:

215 1311 371 1370 hominum
398 1312 572 1370 adultorum
598 1320 759 1388 gestamen
780 1328 843 1368 non
878 1311 933 1368 fuit
964 1311 1021 1367 nisi
1056 1307 1313 1383 triumphantium,

217 1420 250 1469 ut
272 1429 311 1469 ex
336 1411 411 1474 Plin.
434 1412 568 1470 XXVIII
591 1427 631 1486 39
653 1420 755 1486 patet:
781 1406 1000 1487 ‘Quamquam
1026 1410 1171 1485 religione
1199 1414 1316 1464 tutatur

216 1522 247 1571 et
272 1514 416 1584 fascinus,
439 1515 655 1591 imperatorum
671 1532 802 1590 quoque,
825 1530 887 1571 non
900 1514 996 1570 solum
1023 1511 1182 1568 infantium
1198 1517 1314 1576 custos,

216 1617 266 1690 qui
285 1617 362 1674 deus
396 1617 475 1674 inter
506 1634 592 1674 sacra
613 1616 755 1674 Romana
789 1613 967 1672 Uestalibus
1004 1613 1112 1671 colitur
1143 1621 1175 1670 et
1208 1627 1315 1667 currus

217 1717 462 1793 triumphantium
496 1718 552 1774 sub
587 1718 633 1774 his
664 1719 803 1792 pendens
835 1715 976 1773 defendit
1005 1715 1142 1772 medicus
1164 1705 1315 1770 inuidiae'

217 1837 243 1879 e.
266 1836 294 1894 q.
318 1837 341 1878 s.
363 1818 500 1879 Macrob.
524 1818 538 1876 1
561 1817 591 1887 6,
614 1835 643 1892 9.
688 1817 749 1876 Sed
772 1825 900 1892 apparet
921 1816 999 1874 haec
1021 1817 1062 1872 ad
1084 1833 1147 1871 rem
1160 1831 1222 1870 non
1244 1830 1314 1886 per-

217 1920 328 1979 tinere:
362 1921 421 1977 alia
458 1920 635 1995 quaerenda
666 1927 744 1978 sunt.
789 1917 903 1975 Notum
936 1925 985 1974 est
1014 1915 1141 1974 familias
1179 1914 1315 1989 singulas

217 2021 320 2096 populi
342 2021 478 2078 Romani
499 2021 591 2095 signis
615 2021 679 2078 siue
703 2019 870 2093 insignibus
902 2035 971 2075 esse
1000 2035 1072 2075 usas
1095 2033 1316 2090 nonnunquam

217 2122 359 2180 deductis
388 2123 583 2196 apraeclare
613 2122 708 2196 gestis
736 2121 837 2194 rebus,
874 2119 1038 2194 praecipue
1060 2136 1134 2175 uero
1158 2115 1315 2193 cognomi-

219 2240 290 2280 num
312 2239 391 2298 quae
417 2222 477 2281 sint
499 2222 629 2298 effigies:
665 2221 746 2281 conl.
780 2221 905 2279 Sueton.
930 2219 1025 2296 Calig.
1051 2235 1090 2294 35
1118 2213 1247 2275 ‘Uetera
1270 2217 1316 2274 f·

217 2324 364 2382 miliarum
395 2325 527 2400 insignia
554 2325 744 2383 nobilissimo
776 2323 887 2399 cuique
909 2323 1035 2390 ademit,
1069 2320 1229 2396 Torquato
1253 2325 1315 2375 tor-

215 2442 317 2498 quem,
364 2422 548 2482 Cincinnato
584 2425 717 2493 crinem,
756 2423 811 2484 Cn.
849 2422 998 2499 Pompeio
1036 2422 1135 2497 stirpis
1169 2421 1315 2494 antiquae

216 2525 321 2601 Magni
345 2521 542 2601 cognomen’.
586 2525 690 2583 Multis
714 2533 797 2583 certe
820 2525 849 2580 in
873 2525 963 2581 rebus
986 2523 1103 2598 antiqui
1125 2521 1316 2578 adhibebant

215 2626 289 2682 talia
309 2627 413 2701 signa:
437 2627 596 2683 notissima
617 2627 704 2683 nobis
728 2625 815 2701 signa
838 2624 1023 2699 singularum
1043 2622 1222 2679 familiarum
1244 2629 1315 2679 sunt

216 2727 246 2782 in
268 2727 399 2784 nummis
422 2728 537 2796 incusa,
560 2728 611 2785 ubi
635 2727 716 2784 Furii
732 2726 932 2801 Crassipedes
955 2725 1068 2801 pedem
1091 2741 1236 2792 crassum,
1257 2722 1314 2780 Pu-

216 2827 296 2884 blicii
328 2827 461 2886 Malleoli
493 2827 645 2895 malleum,
680 2827 803 2884 Antistii
840 2826 965 2884 Graculi
997 2826 1162 2902 graculum,
1197 2824 1315 2882 Seruilii

217 2929 339 2986 Gemini
362 2927 525 2986 Castorem
549 2938 580 2985 et
602 2927 767 2997 Pollucem,
807 2929 888 2986 Furii
911 2927 1125 3004 Purpureones
1160 2927 1315 2992 muricem,

215 3029 348 3087 Lucretii
370 3028 500 3086 Triones
532 3030 634 3087 stellas
661 3039 791 3106 septem,
815 3030 922 3087 similia
948 3030 1024 3086 aliae
1052 3003 1183 3085 familiae
1199 3026 1316 3085 habent

215 3129 360 3205 insignia:
385 3130 465 3188 conf.
489 3131 661 3188 Mommsen
687 3133 717 3188 in
741 3131 819 3188 Mus.
845 3131 944 3190 Rhen.
968 3129 1026 3188 XV
1048 3148 1076 3205 p.
1105 3143 1171 3202 175.
1194 3127 1230 3187 R.
1246 3129 1278 3186 F.
1302 3126 1314 3182 l

217 3249 244 3305 p.
269 3246 318 3303 44.
374 3229 554 3305 Marquardt
588 3231 695 3290 Roem.
730 3231 858 3290 Alterth.
892 3230 920 3286 V
948 3247 956 3287 1
992 3249 1021 3306 p.
1056 3230 1100 3288 ro.
1145 3229 1315 3286 Muciorum

216 3331 334 3406 insigne
357 3332 433 3407 quid
458 3331 546 3387 fuerit
560 3333 737 3407 antiquitus
760 3332 929 3391 nescimus:
950 3333 1031 3388 enim
1053 3350 1127 3390 uero
1141 3348 1315 3406 cognomen

217 3431 358 3490 Scaeuola
392 3429 552 3504 (Scaeuuln
584 3432 654 3491 fasti
688 3429 867 3508 Capitolini)
902 3434 1028 3492 deducit
1061 3413 1268 3504 Liuius1113
1297 3450 1315 3488 a
1360 3481 1365 3490 ,

218 3553 330 3592 scaeua
344 3552 445 3602 manu,
459 3532 519 3591 hoc
535 3542 583 3591 est
603 3535 723 3592 sinistra
735 3535 870 3592 similiter
886 3533 961 3592 Plut.
976 3535 1089 3610 Poplic.
1106 3551 1140 3610 17
1153 3543 1185 3592 et
1197 3552 1314 3603 omnes,

218 3637 269 3711 qui
287 3637 406 3694 Liuium
425 3644 588 3692 secuntur:
613 3654 720 3692 uerum
736 3645 834 3693 totam
855 3636 935 3694 illam
953 3637 992 3693 de
1005 3636 1097 3694 Mucii
1118 3654 1210 3693 manu
1232 3654 1316 3692 com·

217 3738 308 3795 busta
316 3738 523 3795 narrationem
543 3756 612 3794 esse
637 3739 768 3794 absurde
787 3739 889 3795 fictam
907 3747 977 3814 post
989 3737 1187 3795 Niebuhrium
1211 3734 1260 3812 (R.
1277 3737 1315 3798 G.

217 3858 246 3914 p.
261 3836 333 3913 ooo)
356 3839 442 3896 multi
457 3839 609 3898 dixerunt.
634 3841 676 3897 At
690 3837 788 3896 Uarro
806 3839 845 3894 de
862 3839 879 3899 l.
896 3839 930 3898 L.
948 3839 1059 3913 V1197
1084 3841 1124 3895 de
1148 3838 1315 3895 obscaenum

217 3959 296 3999 uoce
320 3942 450 3999 docens:
479 3935 601 3998 ‘Potest
624 3941 674 3998 uel
698 3941 736 3998 ab
760 3958 798 3995 eo
823 3942 907 4016 quod
929 3940 1062 4016 puerulis
1086 3939 1236 4013 turpicula
1267 3957 1314 3996 res

218 4045 249 4102 in
271 4042 351 4101 collo
375 4045 528 4119 quaedam
550 4043 757 4119 suspenditur,
781 4060 820 4098 ne
848 4042 921 4116 quid
946 4042 1036 4109 obsit,
1059 4042 1162 4099 bonae
1184 4058 1316 4098 scaenae

219 4164 311 4204 causa
332 4147 469 4203 scaeuola
491 4145 654 4224 appellata.
700 4146 746 4205 Ea
770 4145 852 4205 dicta
874 4146 912 4204 ab
929 4161 1050 4214 scaeua,
1073 4143 1105 4200 id
1120 4150 1168 4200 est
1183 4142 1315 4211 sinistra,
