2980 4752
759 247 800 309 70

232 422 365 480 Ennium
388 421 464 479 alios
499 427 643 495 usurpata
673 419 744 475 uide
768 418 1012 476 Schoemannum
1045 419 1085 474 ad
1108 416 1168 475 Cic.
1203 415 1242 470 de
1266 421 1331 471 nat.

232 525 318 582 deor.
341 522 440 598 1170.
485 519 556 578 on
589 519 788 578 centurionum
819 517 1026 595 significanter
1050 519 1151 593 posita
1180 515 1331 592 significat

232 623 372 681 homines
401 630 543 680 strenuos
576 619 764 679 subrusticos
788 619 956 688 illiteratos,
982 619 1116 694 inprimis
1141 617 1331 674 Graecorum

233 724 402 782 studiorum
434 722 610 782 fastidiosos
641 722 717 782 sicut
748 723 830 797 apud
859 720 940 780 Pers.
963 721 1006 777 ΙΙΙ.
1030 734 1067 795 77
1101 737 1178 794 gens
1209 718 1332 774 hircosa

232 826 444 884 centurionum
459 824 487 880 V
514 823 571 900 189
594 843 660 902 sqq.
683 823 814 883 uaricosi
837 824 1032 881 centuriones
1048 819 1071 897 ¹)
1093 821 1183 879 Mart.
1196 818 1240 876 XI
1264 834 1292 892 3,
1310 835 1331 891 4

232 927 345 1002 rigidus
368 927 513 988 centurio.

333 1027 387 1085 Illa
422 1028 478 1086 tria
501 1027 672 1104 fragmenta
702 1046 741 1085 ex
763 1045 824 1084 uno
857 1027 1032 1100 eodemque
1066 1025 1141 1082 libro
1175 1039 1243 1081 esse
1276 1023 1331 1078 de-

233 1139 355 1206 sumpta
380 1146 471 1186 nemo
501 1129 640 1204 negabit:
673 1129 814 1186 dicuntur
839 1128 920 1185 enirn
949 1147 967 1184 a
989 1126 1027 1199 Q.
1050 1126 1152 1184 Mucio
1180 1121 1334 1181 Scaeuola

233 1247 347 1306 augure
369 1230 471 1288 omnia
493 1230 523 1286 in
546 1231 681 1288 eundem
704 1229 741 1289 T.
764 1229 925 1288 Albucium
947 1236 980 1285 et
1002 1229 1042 1284 de
1065 1227 1176 1283 eadem
1198 1243 1239 1285 re.
1283 1225 1332 1281 Ex

233 1329 409 1404 fragmentis
431 1329 528 1406 primo
557 1339 588 1388 et
611 1331 748 1388 secundo
779 1338 908 1405 apparet
930 1335 1092 1404 praesente
1118 1325 1256 1394 Albuci0,
1280 1324 1334 1399 qui

232 1431 328 1488 modo
352 1430 522 1489 orationem
551 1430 690 1489 habuerit
713 1431 896 1489 Scaeuolam
923 1430 1017 1487 uerba
1040 1429 1151 1497 facere,
1183 1445 1240 1484 nec
1263 1427 1332 1484 solo

233 1531 360 1590 Albucio
383 1540 556 1607 praesente,
581 1534 636 1590 sed
660 1533 803 1607 pluribus,
838 1532 946 1606 quibus
980 1532 1011 1587 in
1042 1530 1213 1606 fragmento
1240 1529 1331 1586 tertio

234 1633 424 1690 demonstret
457 1634 539 1692 unde
576 1633 720 1692 Albucius
754 1633 811 1690 sibi
843 1633 982 1690 inimicus
1017 1631 1112 1689 factus
1147 1631 1193 1689 sit.
1241 1629 1333 1689 Haec

233 1735 290 1791 tria
312 1734 483 1809 fragmenta
505 1752 568 1790 non
580 1743 710 1809 possunt
730 1753 793 1792 non
809 1734 913 1791 referri
935 1735 977 1791 ad
999 1741 1153 1792 narratum
1175 1751 1194 1789 a
1215 1731 1333 1789 Lucilio

233 1835 377 1893 iudicium
397 1835 638 1910 repetundarum
648 1831 682 1908 ²),
711 1837 794 1910 quod
824 1853 906 1892 anno
930 1833 1069 1910 634l120
1089 1834 1218 1892 Albucio
1242 1851 1333 1891 accu-

235 1944 323 1993 sante
346 1937 386 1993 de
402 1935 552 1994 Scaeuola
575 1934 687 1994 factum
701 1943 762 2004 est3
783 1936 834 2010 qui
850 1953 932 1993 anno
945 1933 1021 2010 633!
1027 1952 1081 1993 121
1100 1945 1225 2012 praetor
1237 1936 1333 1993 Asiae

234 2036 410 2113 prouinciae
445 2035 541 2094 fuerat
575 2030 653 2114 (Cic.
690 2037 730 2093 de
764 2055 807 2094 or.
833 2036 863 2094 II
888 2033 970 2112 269),
1004 2055 1042 2094 ex
1073 2045 1217 2113 praetura
1250 2054 1333 2094 auno

235 2135 375 2212 634l120
398 2139 639 2213 repetundarum
674 2157 693 2196 a
725 2137 764 2197 T.
786 2139 914 2197 Albucio
948 2139 1121 2216 postulatus
1143 2148 1199 2199 est.
1244 2138 1334 2210 Quae

235 2257 327 2299 causa
355 2257 374 2296 a
397 2239 544 2298 Cicerone
576 2240 756 2316 saepissime
786 2251 988 2312 memoratur;
1021 2242 1085 2300 sine
1110 2241 1205 2299 dubio
1228 2240 1335 2298 Lucilii

158 2413 161 2420 .
236 2350 338 2401 satura
359 2342 424 2400 eius
446 2341 529 2400 fama
559 2350 721 2418 tantopere
745 2351 916 2418 propagata
948 2351 1005 2404 est.
1048 2341 1115 2400 Utri
1135 2340 1267 2400 Lucilius
1290 2340 1336 2398 fa·

237 2444 314 2502 uerit
336 2444 367 2502 in
389 2443 562 2502 narratione
584 2444 722 2513 actionis,
746 2443 867 2502 difficile
882 2445 1016 2502 iudicatu
1041 2452 1101 2503 est:
1143 2461 1215 2500 nam
1229 2442 1335 2499 Mucio

234 2543 383 2600 subt'ratus
416 2542 526 2601 dicitur
558 2562 577 2601 a
601 2541 749 2601 Cicerone
775 2545 816 2601 de
839 2561 883 2600 or.
905 2543 919 2600 Ι
944 2559 981 2618 72
1015 2551 1047 2600 et
1068 2543 1189 2600 Albucii
1212 2542 1336 2599 uidetur

235 2652 317 2702 artes
342 2644 474 2720 pueriles
496 2644 607 2712 risisse,
629 2645 688 2701 nisi
710 2642 817 2701 Cicero
837 2660 933 2719 praue
955 2660 1020 2701 rem
1041 2651 1153 2700 narrat.
1198 2641 1334 2700 Lucilius

235 2744 326 2819 igitur
347 2743 492 2802 iudicium
513 2743 585 2801 illud
609 2744 736 2802 tradidit
759 2743 924 2802 memoriae
947 2743 979 2799 in
1009 2751 1111 2802 satura
1132 2760 1193 2817 qua
1215 2742 1336 2799 Albucii

237 2845 335 2906 oratio
357 2844 551 2918 referebatur,
575 2852 647 2920 post
670 2845 860 2918 sequebatur
882 2843 1048 2902 Scaeuolae
1071 2843 1186 2901 oratio:
1217 2859 1255 2898 ex
1276 2841 1336 2900 hac

237 2944 291 3006 tria
315 2945 363 3001 illa
385 2937 558 3018 fragmenta
580 2946 663 3020 apud
679 2942 862 3002 Ciceronem
886 2952 1007 3002 seruata
1029 2951 1109 3001 sunt.
1154 2940 1234 3000 Nam
1256 2935 1335 2998 ‘Mu-

238 3048 301 3104 cius
324 3063 429 3120 augur,
461 3049 545 3122 quod
571 3067 626 3123 pro
654 3065 687 3104 se
712 3065 790 3122 opus
813 3056 889 3112 erat,
919 3047 985 3121 ipse
1008 3039 1140 3111 dicebatj
1162 3051 1196 3100 ut
1218 3042 1259 3098 de
1281 3059 1335 3116 pe-

238 3148 331 3205 cuniis
354 3149 529 3222 repetundis
553 3159 659 3205 contra
683 3148 719 3209 T.
740 3148 910 3205 Albucium.
947 3146 976 3203 Is
989 3155 1143 3202 oratorum
1165 3144 1335 3199 innumero

237 3247 387 3315 nonfuit,
411 3248 482 3304 iuris
506 3249 600 3306 ciuilis
622 3249 833 3323 intellegentia
853 3256 946 3323 atque
975 3247 1058 3304 omni
1078 3244 1259 3321 prudentiae
1281 3261 1334 3318 ge·

238 3413 434 3422 *-

340 3515 361 3584 ¹)
381 3517 432 3580 Qui
459 3533 551 3567 uersus
576 3517 721 3580 dignissimi
742 3527 802 3566 sunt
826 3533 891 3582 quos
923 3532 981 3566 curn
999 3517 1094 3566 Lucilii
1120 3517 1169 3566 illo
1188 3517 1335 3580 fragmento

239 3607 371 3656 conferas:
392 3605 532 3671 utrobique
552 3605 619 3655 enim
638 3605 782 3655 centurioni
802 3606 910 3656 robusto
930 3613 1111 3672 comparantur
1131 3605 1232 3657 Graeci.
1269 3607 1336 3656 Sunt

239 3711 303 3745 uero
322 3694 363 3745 hi:

437 3783 542 3834 Dixeris
561 3783 627 3833 haec
646 3783 714 3833 inter
733 3783 867 3832 uaricosos
889 3788 1060 3835 centuriones

440 3873 562 3922 continno
581 3886 698 3921 crassum
716 3871 784 3921 ridet
802 3872 951 3940 Fuifenius
970 3877 1070 3937 ingens

442 3969 468 4012 et
488 3969 592 4012 centum
613 3962 730 4010 Graecos
750 3967 822 4010 curto
843 3969 963 4012 centusse
982 3962 1083 4012 licetur.

241 4051 381 4101 Fulsenius
399 4052 494 4116 ingens
514 4065 592 4118 quam
612 4056 733 4100 accurate
753 4050 914 4114 respondeat
930 4050 1025 4100 Pontio
1048 4050 1145 4100 Titano
1163 4056 1241 4114 patet.

342 4154 362 4223 ²)
379 4157 421 4206 Ita
433 4156 511 4206 etiam
526 4158 704 4206 Duentzerum
723 4155 773 4205 Die
786 4171 866 4206 roem.
880 4155 1004 4206 Satirilrer
1013 4170 1038 4220 p.
1052 4165 1084 4218 53
1103 4153 1235 4203 indicasse
1248 4154 1334 4206 uideo.
