2998 4744
708 233 742 301 Ῑ7

172 407 311 486 Quorum
333 425 475 468 uersuum
498 419 665 467 extremum
681 411 838 484 quomodo
853 404 986 483 intellegi
1009 401 1159 468 noluerint
1179 398 1272 468 tacite

169 515 340 572 indicarunt
362 513 496 570 editores
519 511 620 569 uerbis
651 512 683 568 in
706 512 763 568 tria
786 510 853 568 cola
875 511 918 568 ita
940 511 1090 583 dissectis,
1115 519 1149 568 ut
1171 511 1272 569 omnia

169 633 248 690 quae
269 613 522 673 antecedentibus
552 613 693 671 uersibus
718 611 886 686 culpauerit
919 620 1014 686 poeta
1038 612 1171 670 clamitet
1204 629 1272 669 esse

171 717 274 774 omnia
295 717 375 784 ficta,
397 715 461 772 ueri
484 713 567 782 nihil,
590 713 716 789 pergula
727 714 876 788 pictorum
884 709 917 788 ¹).
940 713 1003 770 Sed
1018 713 1167 787 pictorum
1189 730 1273 769 men·

169 818 286 875 tionem
307 815 370 871 fieri
392 815 554 890 probarem
572 814 597 871 si
611 822 706 872 antea
728 815 769 870 de
784 813 966 870 Acherontis
989 812 1128 870 fabulosa
1147 815 1272 887 regione

171 927 321 993 ageretur,
345 917 428 973 uelut
448 917 532 991 apud
545 915 633 974 Lucr.
646 914 689 972 Ill
701 914 779 989 627:
802 915 885 989 atqui
900 915 930 970 in
952 931 1007 970 eos
1024 923 1151 989 apparet
1173 913 1273 971 invehi

170 1019 357 1094 scriptorem,
382 1017 431 1091 qui
454 1017 662 1091 superstitiosa
679 1015 875 1072 ueneratione
894 1015 1048 1090 signorum
1063 1015 1179 1072 ridiculi
1190 1024 1268 1075 sunt.

169 1119 278 1194 Itaque
297 1117 369 1175 nibil
384 1116 546 1192 Polygnoti
562 1118 602 1173 ad
618 1124 755 1173 nostrum
778 1115 889 1184 locum,
913 1117 970 1172 sed
986 1114 1132 1191 Polycleti
1148 1115 1273 1172 Phidiae

171 1220 230 1288 alii,
245 1237 346 1294 neque
356 1218 602 1275 terriculamenta
615 1217 673 1274 ista
683 1217 958 1292 superstitiosorum
969 1235 1008 1273 ne
1021 1217 1134 1273 omisso
1150 1217 1273 1292 quidem

168 1319 322 1378 uocabulo
336 1320 435 1376 ahenis
447 1319 508 1376 dici
528 1327 658 1394 possunt
672 1336 750 1393 opus
760 1319 910 1393 pictorum
923 1319 979 1376 sed
984 1316 1131 1391 fictorum.
1154 1319 1271 1376 Audias

170 1420 248 1480 Plut.
273 1421 314 1478 de
337 1429 464 1496 superst.
487 1418 506 1476 6
528 1415 615 1495 (mor.
639 1437 667 1494 p.
695 1417 751 1493 167
773 1419 831 1478 El:
877 1413 955 1478 Εἶτα
976 1415 1192 1494 χαλκοτύποις
1216 1415 1272 1494 μὲν

171 1519 228 1594 (sc.
251 1515 282 1581 οἱ
310 1516 558 1594 δεισιδαίμονες)
591 1515 754 1578 πείθονται
777 1515 829 1577 καὶ
851 1514 1011 1593 λιθοξόοις
1034 1515 1085 1578 καὶ
1113 1515 1274 1595 κηροπλά-

170 1633 264 1696 σταις
288 1616 553 1697 ἀνθρωπόμορφα
573 1618 638 1680 τῶν
660 1619 743 1679 θεῶν
764 1615 805 1678 τὰ
826 1615 961 1693 σώματα
984 1614 1065 1680 εἶναι
1077 1617 1128 1680 καὶ
1139 1620 1273 1684 τοιαῦτα

169 1718 347 1782 πλάττουσι
368 1718 420 1782 καὶ
441 1717 717 1783 κατασκευάζουσι
739 1717 792 1779 καὶ
814 1719 1047 1794 προσκυνοῦσι·
1078 1717 1274 1796 φιλοσόφων

170 1821 208 1884 δὲ
230 1820 281 1883 καὶ
296 1822 467 1883 πολιτικῶν
490 1818 615 1897 ἀνδρῶν
634 1821 896 1896 καταφρονοῦσιν
911 1820 976 1881 κτλ.
1020 1820 1100 1879 Dein
1116 1822 1275 1880 Zenonem

171 1926 255 1999 apud
270 1924 404 1982 eundern
414 1926 455 1980 de
468 1924 562 1981 Stoic.
585 1923 740 2000 repugno
755 1916 844 2000 (mor,
857 1940 887 1997 p.
906 1937 983 1994 1034
997 1919 1053 1998 B):
1078 1917 1147 1983 εἶτα
1170 1919 1274 1997 δόγμα

171 2021 326 2100 Ζήνωνός
349 2021 437 2085 ἐστιν
459 2020 529 2099 ἰερὰ
551 2025 634 2085 θεῶν
657 2021 698 2099 μὴ
720 2019 915 2098 οἰκοδομεῖν·
937 2018 1027 2098 ἱερὸν
1049 2021 1111 2099 γὰρ
1135 2020 1175 2099 μὴ
1198 2024 1276 2085 πολ-

173 2125 231 2186 λοῦ
259 2120 348 2187 ἄξιον
375 2122 427 2185 καὶ
449 2120 540 2196 ἅγιον
563 2120 747 2185 οὐκέστιν·
777 2119 956 2199 οἰκοδόμων
979 2117 1007 2184 δ’
1030 2119 1127 2199 ἔργον
1149 2121 1200 2202 καὶ
1223 2125 1275 2200 βα-

172 2223 303 2287 ναύσων
331 2222 427 2287 οὐδέν
450 2222 519 2286 ἐστι
541 2225 666 2286 πολλοῦ
690 2219 787 2286 ἄξιον.
839 2225 919 2281 Huic
942 2234 1132 2283 correcturae
1153 2245 1213 2301 qua
1244 2226 1276 2286 in

172 2327 283 2386 codice
305 2328 487 2385 Taurinensi
509 2327 560 2402 qui
581 2328 729 2403 praebeat
750 2327 845 2382 omnio
860 2327 943 2399 picta
964 2326 1010 2383 bis
1034 2344 1111 2401 opus
1134 2336 1181 2383 est
1202 2346 1274 2385 con-

172 2429 312 2504 iungatur
336 2429 397 2486 alia
429 2429 521 2486 totius
543 2445 648 2485 uersus
671 2427 891 2502 interpretatio.
936 2424 1082 2484 Nimimm
1115 2445 1174 2502 ego
1209 2429 1274 2502 qui-

173 2530 246 2587 dem
268 2547 348 2604 nego
372 2531 530 2587 simulacra
545 2531 674 2586 deorum
695 2545 788 2604 posse
811 2528 870 2585 dici
887 2529 1018 2603 pergula
1032 2527 1169 2585 fictorum
1193 2530 1276 2587 uelut

173 2629 199 2687 si
221 2631 361 2688 dicautur
384 2641 454 2705 opus
475 2631 625 2690 fictorum:
658 2649 730 2687 uam
762 2629 887 2705 pergula
919 2646 988 2704 pars
1011 2629 1140 2687 aedificii
1159 2630 1208 2686 uel
1231 2639 1276 2687 ta·

172 2732 267 2788 berna
289 2741 346 2801 est,
368 2733 399 2789 in
422 2750 481 2809 qua
505 2732 633 2790 artifices
658 2749 734 2807 opus
758 2731 912 2788 faciebant
935 2739 967 2788 et
988 2731 1099 2788 uenale
1121 2749 1275 2806 propone-

173 2831 258 2900 bant,
282 2833 425 2890 doctores
449 2832 613 2893 docebant.
651 2832 831 2906 Marquardt
846 2831 956 2890 Roem.
972 2829 1102 2906 Alterth.
1114 2830 1143 2887 V
1164 2845 1174 2886 1
1188 2849 1218 2906 p.
1235 2845 1275 2905 93

174 2931 238 2990 qu.
262 2933 305 2989 XI
331 2929 414 3008 137):
449 2933 563 3008 templa
586 2933 710 3008 quidem
732 2933 798 3007 ipsa
820 2939 894 3006 puto
917 2931 1020 2988 uocari
1043 2947 1137 3006 posse
1160 2932 1198 2988 ab
1221 2931 1277 2988 ho·

174 3033 254 3090 mine
267 3034 425 3091 simulacra
441 3035 568 3091 deorum
589 3034 763 3090 insectante
778 3032 919 3108 pergulas
935 3032 1088 3107 opificum,
1109 3033 1196 3106 signa
1210 3033 1277 3108 ipsa

173 3151 265 3208 nego,
311 3133 444 3210 Pergula
471 3152 532 3191 uox
552 3135 680 3210 primum
702 3135 785 3209 apud
807 3134 947 3191 Plautum
970 3131 1128 3204 (Pseudol.
1154 3148 1213 3204 214
1237 3129 1277 3204 R)

175 3234 302 3292 occurrit
314 3236 425 3293 eadem
440 3234 659 3310 significatione
674 3253 735 3310 qua
746 3230 1007 3310 ἐργαστήριον
1022 3235 1105 3310 apud
1115 3231 1276 3289 Demosth.

174 3345 270 3395 contr.
293 3335 403 3395 Neaer.
427 3333 509 3410 67²).
552 3337 661 3413 Itaque
684 3336 877 3394 scribendum
899 3352 967 3392 esse
990 3335 1119 3392 arbitror

259 3446 385 3520 pergula
406 3445 544 3502 fictorum
565 3447 629 3504 ueri
651 3445 733 3513 nihil,
757 3445 860 3502 omnia
881 3445 954 3502 ficta

174 3611 373 3620 *Qu-

277 3718 297 3786 ¹)
318 3719 359 3768 De
370 3718 498 3768 sententia
508 3720 576 3770 conf.
588 3719 659 3771 Plut.
671 3720 705 3769 de
719 3725 854 3786 superst.4
865 3717 1079 3786 (mor.p.166F):
1098 3716 1277 3785 Ἔστιδούλιμ

175 3806 307 3873 φεύξιμος
327 3807 428 3871 βωμός,
449 3807 508 3859 ἔστι
526 3807 571 3859 καὶ
587 3809 704 3874 λῃσταῖς
727 3807 848 3873 ἀβέβηλα
872 3808 963 3860 πολλὰ
982 3811 1042 3860 τῶν
1060 3807 1145 3873 ἱερῶν
1164 3807 1209 3858 καὶ
1228 3821 1278 3857 πο-

176 3893 287 3959 λεμίους
306 3896 469 3960 φεύγοντες,
494 3895 528 3946 ἂν
553 3894 713 3961 ἀγάλματος
736 3897 886 3962 λάβωνται,
913 3900 1077 3962 θαρροῦσιν
1103 3897 1118 3948 δ
1142 3895 1173 3947 δὲ
1197 3895 1278 3946 δεισι-

177 3983 285 4049 δαίμων
303 3989 394 4038 ταῦτα
414 3985 533 4050 μάλιστα
552 3983 662 4050 φρίττει
682 3988 727 4038 καὶ
746 3987 875 4051 φοβεῖται
894 3988 939 4038 καὶ
958 3986 1084 4038 δέδοικεν
1103 3986 1160 4036 κτλ.

279 4072 301 4138 ²)
320 4073 389 4120 Dem
407 4073 426 4122 l.
445 4073 463 4123 l.
483 4070 587 4124 ὁπόσαι
605 4072 640 4123 ἂν
659 4073 702 4127 ἐπ’
723 4073 909 4139 ἐργαστηρίου
929 4075 1070 4125 καθῶνται
1085 4093 1116 4117 =
1137 4070 1180 4122 trr'
1201 4067 1278 4134 οἰκή-

177 4176 265 4224 ματος
284 4163 427 4212 καθῶνται
446 4159 484 4229 (in
504 4160 629 4227 fornice):
650 4163 741 4214 Herm.
764 4163 807 4212 Gr.
830 4163 937 4227 Antiqu.
957 4163 999 4210 III
1018 4158 1033 4228 ξ
1055 4173 1097 4223 29,
1120 4171 1158 4209 ιο.

1062 4261 1076 4298 2
