2980 4752
738 240 779 297 44

212 429 293 488 quae
316 411 360 467 sic
381 410 613 485 interpretanda
636 427 704 467 esse
726 409 829 467 iudico
852 408 1015 467 Horatium
1038 416 1162 466 secutus
1185 408 1310 476 ducem,

213 513 296 587 apud
317 529 410 590 quem
432 511 627 568 aduersarius
649 511 667 569 l.
691 512 709 569 l.
734 529 762 571 u.
790 510 842 585 78:

761 611 884 670 laedere
904 612 1033 689 gaudes,

234 725 238 736 ¹
294 714 400 790 inquit,
425 722 456 771 et
477 713 537 772 hoc
559 714 662 772 studio
684 729 797 789 prauus
820 713 904 773 facis.

212 816 248 872 ln
271 833 301 874 u.
324 816 426 891 priore
456 821 541 889 atque
564 816 688 892 scripsi:
723 817 816 874 codd.
851 817 928 890 itque
960 816 1058 890 itaque
1087 833 1182 889 aquae
1214 817 1311 889 idque.

218 917 327 975 Tristia
348 919 442 986 dicta,
480 926 514 976 ut
540 917 705 977 Trebatius
731 918 807 978 Hor.
836 925 892 976 sat.
917 918 945 975 II
972 933 997 986 1,
1022 934 1057 976 21
1088 919 1172 974 tristi
1196 918 1313 974 loedere¹

214 1036 300 1074 uersu
320 1018 475 1093 proprium
497 1018 688 1076 Horatianae
710 1018 813 1093 poesis
836 1017 919 1078 dicit.
964 1017 1103 1089 Quorum
1131 1034 1181 1077 uu.
1204 1017 1312 1092 poste·

213 1119 323 1177 riorem
357 1119 381 1178 si
415 1120 509 1176 modo
545 1129 627 1177 recte
661 1120 810 1195 explicui,
848 1119 1055 1176 testimonium
1085 1098 1169 1176 nacti
1206 1135 1310 1175 sumus

214 1221 254 1276 de
276 1219 384 1277 Lucilii
409 1220 496 1295 poesi
519 1238 633 1278 nouum
658 1229 690 1279 et
715 1238 818 1295 graue.
863 1215 992 1278 Differre
1025 1219 1149 1278 crimina
1180 1228 1213 1276 et
1238 1220 1311 1276 uitia

213 1321 370 1380 hominum
407 1321 511 1380 dicitur
543 1322 674 1381 Lucilius
709 1319 932 1396 sermonibusl)
965 1321 1027 1378 suis
1059 1320 1120 1378 hoe
1152 1338 1181 1378 u.
1215 1314 1310 1396 (conf.

214 1421 281 1481 Liu.
305 1422 437 1482 XXXIV
459 1441 510 1500 49,
529 1439 561 1498 5:
601 1418 868 1482 ‘Acrocorinthum
909 1423 982 1498 ipsis
1013 1422 1168 1499 extemplo
1202 1422 1312 1480 uiden-

214 1525 294 1584 tibus
326 1544 458 1585 uacuam
480 1526 611 1586 Achaeis
634 1527 824 1596 traditurum,
859 1534 893 1582 ut
925 1543 1032 1583 omnes
1055 1525 1177 1593 scirent,
1211 1531 1312 1582 utrum

215 1627 363 1686 Romanis
386 1647 426 1686 an
447 1629 567 1687 Aetolis
588 1628 709 1686 mentiri
730 1645 797 1685 mos
821 1635 914 1695 esset,
943 1627 995 1704 qui
1016 1627 1096 1685 male
1119 1625 1312 1684 commissam
1412 1614 1418 1622 ⁸

214 1728 386 1788 libertatem
409 1732 522 1805 populo
545 1731 687 1788 Romano
710 1729 900 1787 sermonibus
924 1728 1096 1786 distulerint
1119 1772 1127 1785 .
1152 1769 1159 1784 .
1183 1721 1238 1803 .'):
1262 1734 1313 1783 et-

215 1831 296 1887 enim
317 1830 496 1889 sermonibus
518 1832 559 1889 ad
574 1831 720 1889 Lucilium
744 1831 810 1887 sine
833 1829 927 1887 dubio
950 1828 1146 1886 referendum
1167 1838 1224 1887 est.
1248 1828 1312 1886 Ita·

216 1948 276 2008 que
299 1939 417 1988 saturas
447 1948 510 1988 non
538 1930 685 1989 Horatius
712 1947 869 1987 sermones
901 1929 1066 2005 appellauit
1096 1929 1218 2004 primus,
1253 1929 1312 1986 sed

217 2048 289 2088 suas
311 2039 343 2087 et
362 2031 470 2089 Lucilii
491 2030 560 2101 (sat.
582 2031 641 2104 14,
660 2047 697 2104 42
723 2050 770 2106 ep.
794 2032 808 2087 I
830 2047 859 2102 4,
881 2025 910 2108 1)
933 2031 975 2088 ita
997 2031 1164 2106 appellauit
1186 2038 1312 2088 secutus

217 2131 376 2190 Lucilium.
419 2131 514 2202 Quod
544 2132 638 2191 etiam
666 2133 763 2208 magis
792 2139 920 2207 apparet
943 2149 972 2190 u.
995 2147 1056 2205 914
1077 2130 1102 2189 L
1125 2146 1163 2206 35
1187 2131 1229 2201 M,
1260 2131 1313 2207 qui

217 2233 385 2290 aduersarii
408 2241 470 2291 est:
814 2261 818 2270 ·

301 2342 333 2393 et
354 2335 434 2392 male
457 2336 592 2395 dicendo
614 2337 646 2394 in
667 2337 766 2396 multis
789 2335 974 2395 sermonibu'
997 2336 1100 2393 differs

216 2436 245 2492 h.
268 2453 294 2496 e.
317 2437 488 2510 proscindis
512 2438 657 2496 conuiciis
681 2434 776 2514 (conl.
799 2437 932 2495 Nonium
954 2456 984 2513 p.
1008 2435 1078 2507 284,
1107 2453 1198 2511 quem
1229 2442 1313 2492 recte

216 2537 368 2612 explicare
391 2538 492 2597 iudico
500 2534 541 2615 il)
564 2541 595 2597 in
617 2540 718 2597 multis
742 2539 932 2597 sermonibus
945 2537 1093 2603 homines
1116 2537 1147 2592 in
1166 2536 1314 2594 sermoni-

215 2639 272 2696 bus
284 2638 403 2707 Lucilii,
425 2639 456 2696 in
477 2641 628 2714 poematis
651 2640 777 2698 scilicet.
822 2636 937 2695 Contra
959 2637 1040 2694 hunc
1055 2636 1189 2694 Lucilius
1209 2655 1237 2695 u.
1250 2650 1309 2713 973

215 2739 240 2796 L
263 2754 301 2812 32
325 2740 357 2797 M
380 2758 472 2815 quem
494 2741 537 2798 sic
559 2741 706 2816 dispono:

299 2840 387 2898 Haec
406 2848 438 2898 tu
461 2859 510 2898 me
534 2838 715 2900 insimulas?
735 2841 846 2899 Nonne
862 2851 934 2899 ante
956 2841 988 2897 in
1011 2842 1107 2898 corde
1124 2841 1246 2899 uolutas
1260 2883 1266 2896 .
1281 2883 1309 2899 ..

217 2938 296 2998 sicut
318 2941 463 2998 Horatius
486 2941 625 3010 uersibus
651 2942 717 2999 illos
744 2960 821 3018 quos
850 2961 941 3018 supra
961 2943 1075 3000 contuli
1098 2937 1313 3016 (sat.14‚79)

218 3052 283 3098 arte
304 3043 501 3118 sequentibus
524 3044 706 3118 interrogat:
726 3038 833 3102 ‘Unde
853 3045 983 3120 petitum
995 3044 1065 3101 Hoc
1076 3045 1107 3100 in
1128 3060 1178 3098 me
1200 3042 1274 3100 iacis
1291 3036 1313 3098 ’l

216 3160 242 3202 e.
266 3161 295 3219 q.
318 3161 342 3200 s.

316 3244 419 3321 Atque
441 3243 557 3301 deinde
579 3245 679 3302 uerbis
704 3251 730 3301 et
745 3245 821 3300 neele
837 3245 953 3302 dz'cendo
975 3289 981 3304 .
1009 3290 1015 3303 .
1040 3290 1046 3303 .
1072 3242 1172 3320 differs
1186 3261 1313 3319 respon·

318 3559 340 3622 ¹)
359 3559 506 3622 Diuulgare
528 3558 695 3608 sermonibus
715 3559 768 3608 Cic.
789 3575 813 3623 p.
835 3558 940 3608 Fontei.
961 3570 1002 3608 20.

318 3646 337 3710 ²)
355 3648 426 3698 Non.
446 3647 465 3697 1.
483 3648 501 3698 l.
521 3648 646 3707 Differre,
674 3647 793 3696 diuidere
821 3646 866 3695 uel
895 3647 1014 3696 scindere
1036 3683 1041 3696 .
1064 3682 1070 3696 .
1092 3682 1098 3695 .
1118 3645 1257 3695 Terentius
1287 3644 1315 3693 in

217 3736 338 3786 Adelfis:
358 3737 480 3787 miseram
499 3752 551 3796 me,
571 3736 677 3786 differor
695 3735 843 3785 doloribus.
881 3735 1009 3798 Uirgilius
1030 3735 1078 3784 lib.
1098 3735 1165 3784 VII:
1195 3741 1240 3784 aut
1257 3751 1315 3800 pro·

217 3825 260 3874 cul
278 3825 340 3874 inde
359 3825 425 3874 citae
444 3827 556 3875 Mettum
575 3825 603 3874 in
623 3825 726 3875 diversa
753 3823 897 3888 quadrigae
917 3823 1089 3872 Distulerant.
1128 3823 1248 3872 Lucilius
1265 3823 1312 3871 lib.

217 3914 319 3965 XXX:
340 3919 366 3962 et
384 3912 567 3964 maledicendo
586 3914 613 3963 in
631 3913 719 3963 multis
737 3911 903 3961 sermonibus
922 3911 1019 3960 differs.
1057 3910 1167 3960 Plautus
1185 3911 1213 3960 in
1231 3910 1316 3960 Aulu-

216 4001 293 4052 laria:
330 4001 390 4050 Nisi
409 4002 486 4054 reddi
510 4002 576 4051 mihi
599 4017 663 4052 uasa
680 4002 757 4051 iubes
784 3998 877 4064 pipulo
897 4005 923 4048 te
942 3998 1061 4048 differam
1086 4006 1145 4049 ante
1166 3998 1261 4050 aedis’.
1281 4026 1314 4036 -

218 4091 305 4140 Recte
325 4090 450 4156 explicuit
473 4090 544 4141 idem
568 4091 658 4158 paullo
681 4099 750 4140 ante:
780 4086 907 4138 ‘Differre
927 4123 933 4137 .
954 4124 960 4136 .
980 4123 987 4136 .
1007 4086 1149 4148 diffamare,
1169 4087 1315 4152 diuulgato.

217 4179 335 4229 Lucilius
355 4179 403 4230 lib.
423 4179 525 4231 XXX:
547 4182 647 4245 gaudes
667 4197 725 4231 cum
746 4180 778 4230 de
798 4193 840 4228 me
861 4177 912 4227 ista
931 4176 995 4227 ioris
1014 4177 1181 4228 sermonibus
1201 4176 1291 4227 differs
1300 4175 1315 4224 ¹.
