2980 4752
717 171 756 241 87

192 352 328 410 Lucilius
354 369 479 410 suorum
508 353 597 407 unius
628 357 654 407 et
679 352 791 426 urgenti
810 351 952 408 librorum
975 351 1091 407 initium
1115 350 1185 407 iecit
1207 346 1292 407 hoc'.

195 449 248 524 (U.
275 454 361 511 1LI
381 469 390 510 1
410 451 466 527 M).
511 451 571 508 Ubi
594 454 755 528 quominus
779 453 905 526 quinque
927 459 954 508 et
973 452 1087 527 uiginti
1105 470 1173 508 cum
1194 450 1292 508 Lach-

193 572 308 611 manno
331 555 497 630 corrigatur
518 555 647 628 impedit
669 554 719 611 uel
739 555 770 610 id
798 554 882 630 quod
911 571 980 610 cum
1003 554 1068 610 libri
1089 552 1162 610 XXI
1184 569 1290 610 omnes

193 656 358 731 conscripti
391 656 450 712 sint
484 654 609 712 heroico
642 663 740 712 metro
773 655 848 711 libro
883 654 971 711 XXII
1002 655 1166 712 manifesto
1204 663 1292 711 erant

193 775 300 814 uersus
325 757 459 831 elegiaco
482 768 580 814 metro
603 758 782 832 compositi:
804 758 907 833 itaque
930 757 980 816 uel
998 765 1096 814 metro
1112 755 1188 812 liber
1203 755 1291 812 XXII

193 867 226 915 et
261 867 425 934 sequentes
462 877 480 915 a
506 858 656 934 prioribus
691 867 898 919 secernuntur.
944 858 1069 916 Saturas
1102 866 1206 914 autem
1240 857 1291 933 qui

192 968 302 1035 postea
326 961 474 1035 scripsere
490 960 640 1018 Lucilium
663 961 817 1017 imitantes
839 959 964 1018 heroico
988 969 1108 1044 tanturn
1130 977 1220 1017 uersu
1243 960 1290 1016 usi

193 1071 274 1129 sunt,
296 1079 358 1136 quo
381 1063 474 1119 etiam
497 1062 602 1118 Lucilii
625 1069 742 1120 saturas
765 1079 833 1119 esse
851 1063 1038 1139 compositas
1054 1061 1136 1119 Acro
1159 1064 1201 1118 ad
1214 1061 1289 1120 Hor.

193 1170 249 1219 sat.
274 1163 288 1219 Ι
310 1179 339 1234 4,
365 1159 419 1239 7¹)
453 1171 483 1219 et
505 1163 611 1219 Ioann.
637 1163 713 1236 Lyd.
746 1166 786 1221 de
815 1182 896 1240 mag.
921 1165 991 1236 141
1025 1163 1158 1222 scribunt
1186 1173 1290 1220 cetera

192 1271 289 1320 metra
311 1264 420 1339 quibus
442 1281 514 1321 usus
538 1272 585 1320 est
606 1272 700 1338 poeta
720 1282 784 1321 non
808 1272 960 1322 curantes.
1006 1263 1113 1338 Neque
1135 1282 1209 1321 uero
1233 1263 1289 1320 tria

191 1365 269 1422 haec
291 1365 444 1422 uolumina
476 1367 648 1422 secundum
671 1373 843 1440 temporum
866 1367 1015 1423 rationem
1038 1365 1189 1439 disposita
1210 1359 1289 1433 sunt,‘

192 1467 250 1523 sed
271 1474 304 1522 ut
326 1466 545 1524 Lachmannus
564 1471 659 1524 'recte
686 1467 790 1542 posuit
817 1467 882 1522 libri
909 1467 982 1523 inde
1005 1484 1024 1522 a
1046 1464 1151 1522 XXVI
1174 1468 1289 1540 priores

190 1577 329 1642 tempore
361 1576 432 1624 sunt
467 1569 732 1626 antecedentibus.
793 1569 1015 1642 Argumentum
1049 1567 1173 1643 quidem
1205 1567 1288 1634 illud,

191 1670 278 1744 quod
293 1668 422 1727 Mueller
439 1671 513 1728 edit.
539 1689 567 1745 p.
584 1671 737 1727 IX.affert
759 1669 831 1728 mihi
846 1671 970 1727 dublum
985 1670 1107 1727 uidetur
1128 1677 1160 1735 et
1181 1686 1288 1744 parum

193 1780 319 1828 certum.

292 1873 384 1930 Liber
404 1874 418 1929 I
440 1883 473 1931 ut
505 1892 597 1949 supra
617 1875 748 1931 uidimus
771 1883 843 1949 post
865 1874 1033 1932 Carneadis
1062 1880 1191 1930 mortem
1209 1871 1237 1929 h.
1259 1889 1286 1931 e.

190 1982 264 2049 post
294 1993 407 2031 annum
441 1974 579 2049 ⁶25l129
610 1975 660 2031 uel
691 1974 829 2046 626l128
862 1976 1049 2051 compositus
1083 1982 1139 2034 est.
1195 1973 1288 2050 Atqui

189 2074 336 2133 Horatius
360 2084 417 2133 sat.
442 2075 471 2132 Il
498 2092 522 2144 1,
546 2075 585 2149 63
598 2094 664 2152 sqq.
689 2077 762 2134 dicit

469 2173 572 2248 Quid?
593 2176 671 2234 Cum
694 2186 741 2234 est
765 2177 897 2235 Lucilius
917 2196 1010 2235 ausus

277 2279 388 2353 primus
412 2279 444 2334 in
465 2276 546 2335 hunc
568 2279 668 2353 operis
691 2296 878 2353 componere
902 2279 1035 2336 carmina
1057 2296 1191 2336 morem.
1206 2322 1234 2338 ..

596 2397 739 2438 ...num
760 2379 883 2437 Laelius
906 2388 939 2436 et
960 2380 1012 2453 qui

273 2481 358 2538 duxit
381 2482 420 2539 ab
442 2499 590 2556 oppressa
612 2482 752 2538 meritum
776 2479 961 2557 Carthagine
983 2499 1097 2539 nomen

272 2583 394 2658 ingenio
418 2583 526 2640 offensi
549 2592 601 2641 aut
625 2583 708 2640 laeso
733 2582 1009 2641 doluere‘Metello

273 2683 474 2759 Famosisque
496 2683 585 2758 Lupo
608 2692 757 2759 cooperto
780 2681 939 2742 uersibus?
962 2704 990 2742 e.
1017 2702 1044 2759 q.
1069 2703 1093 2741 s.

188 2783 377 2840 Aemilianus
400 2791 503 2840 autem
525 2785 600 2841 obiit
616 2787 729 2841 eodem
750 2801 831 2842 anno
856 2801 916 2860 quo
932 2783 1110 2841 Carneades
1125 2782 1283 2840 Tuditano

188 2893 220 2940 et
242 2884 374 2959 Aquillio
402 2903 480 2942 coss
514 2881 590 2960 (Cic.
616 2889 657 2943 de
678 2894 741 2944 nat.
765 2888 850 2944 deor.
871 2885 902 2942 Π
927 2877 982 2957 14)
1001 2904 1058 2942 nec
1084 2883 1179 2941 multo
1212 2891 1284 2959 post

189 2985 311 3042 Laelius
346 2983 438 3056 (conf.
470 2987 600 3063 interpp.
632 2989 673 3043 ad
696 2986 759 3044 Cic.
784 2986 868 3044 Lael.
897 2986 981 3059 104):
1008 3003 1081 3060 ergo
1104 2985 1154 3061 qui
1177 2984 1283 3041 Lucilii

188 3094 306 3145 saturas
329 3087 462 3162 potuere'
481 3090 610 3163 probare
630 3087 661 3144 hi
683 3089 746 3161 ulri,
778 3088 803 3145 si
832 3089 893 3145 iam
923 3095 994 3145 ante
1017 3087 1144 3163 primam
1168 3085 1282 3142 editam

188 3185 372 3244 decessere?
395 3187 566 3260 QuomInus
582 3189 743 3247 Horatium
767 3190 852 3246 dicas
872 3206 973 3246 errare
986 3182 1013 3265 2)
1036 3186 1203 3263 prohiberis
1220 3203 1282 3242 non

187 3299 307 3348 tantum
327 3291 422 3366 ipsius
444 3293 555 3366 insigni
581 3293 719 3349 doctrina
742 3294 799 3350 sed
821 3292 914 3349 etiam
936 3291 982 3348 his
1004 3288 1065 3350 Cic.
1089 3293 1129 3347 de
1152 3288 1279 3361 fin.17:

184 3385 267 3447 ‘Nec
288 3409 363 3448 uero
389 3401 423 3449 ut
444 3401 549 3450 noster
568 3392 701 3449 Lucilius
723 3391 873 3450 recusabo
897 3391 1057 3468 quominus
1080 3408 1188 3447 omnes
1211 3407 1280 3447 mea

186 3557 383 3564 -——--.-

289 3665 309 3732 ¹)
327 3670 399 3716 Acro
418 3667 436 3717 l.
455 3668 486 3718 l.:
511 3667 568 3716 ‘Illi
588 3668 657 3717 enirn
670 3668 790 3717 iambicis
810 3669 850 3716 usi
868 3668 896 3716 in
915 3667 1005 3733 [codd.
1020 3665 1106 3734 quasi]
1126 3667 1281 3735 comoediis,

185 3753 302 3805 Lucilius
331 3755 461 3806 heroicis.'
491 3756 705 3818 Intellegendum
733 3764 772 3805 est
797 3759 914 3820 pedibus
942 3759 1123 3822 numerisque,
1152 3755 1185 3805 ad
1212 3773 1280 3823 quae

186 3845 267 3894 uerba
286 3844 391 3894 Horatii
410 3844 532 3893 scholion
552 3846 710 3910 adscriptum
731 3853 777 3896 est.
810 3845 888 3896 Conf.
901 3846 1029 3911 Porphyr.
1046 3854 1072 3895 et
1091 3853 1281 3896 commentator

187 3934 263 3998 Cruq.
279 3948 300 3982 a.
320 3932 346 3984 h.
366 3933 384 3984 l.

286 4021 306 4088 2)
324 4023 427 4072 Teuffel
452 4023 548 4072 Gesch.
573 4023 598 4073 d.
623 4038 702 4073 roem.
727 4023 805 4074 Lit.³
828 4037 887 4091 143,
908 4037 922 4088 3
949 4023 1089 4074 Horatium
1115 4030 1189 4088 putat
1215 4023 1281 4073 haec

185 4111 369 4174 neglegentius
387 4113 504 4162 locutum
518 4129 584 4164 esse.
