2980 4752
695 249 733 309 47

164 423 281 480 seruati
304 429 384 490 sunt,
407 429 525 496 partem
547 437 672 493 ponam.
717 417 826 474 Narrat
853 417 954 492 aliqua
970 425 1065 475 uates
1087 416 1137 474 uel
1160 418 1261 474 anima

135 537 138 542 “
164 525 277 582 mortui
298 523 457 580 cuiusdam
480 524 520 590 (u.
546 517 598 596 20)
620 538 657 576 ex
681 518 812 576 Tartaro
835 519 971 576 rediens:

250 621 387 704 Πλούτῳ
409 625 437 683 δ’
461 618 553 683 ἐκεῖν’
577 617 617 695 ἦν
639 616 746 680 πάντα
768 616 1023 694 συμπεφυρμένα

248 723 283 787 ἐν
304 725 403 785 πᾶσιν
425 719 558 796 ἀγαθοῖς
579 717 686 783 πάντα
708 717 831 795 τρόπον
855 715 1057 796 εἰργασμένα.

248 823 386 901 ποταμοί
408 822 464 899 μὲν
487 819 612 898 ἀθάρης
635 819 686 882 καὶ
709 819 849 896 μέλανος
870 821 976 896 Ζωμοθ
998 819 1086 900 πλέῳ

250 925 301 988 διά
323 927 386 988 τιῖιν
409 925 585 986 στενωπῶν
608 922 898 999 πομφολυγοῖιντες
922 919 1035 998 ἔρρεον

187 1047 205 1103 5
250 1025 376 1088 αὐταῖσι
399 1022 589 1102 μυστίλαισι,
612 1022 664 1085 καὶ
685 1024 815 1085 ναστῶν
837 1021 951 1099 τρύφη.

250 1126 326 1190 ὥστ’
350 1125 471 1203 εὐμαρῆ
494 1144 531 1199 γε
553 1120 763 1201 καάτομάτως
786 1123 845 1199 τὴν
866 1121 994 1186 ἔνθεσιν

252 1231 367 1307 χωρεῖν
389 1226 528 1304 λιπαρὰν
550 1224 632 1288 κατὰ
654 1227 712 1287 τοῦ
734 1222 895 1302 λάρυγγος
917 1226 984 1301 τοῖς
1006 1226 1132 1303 νεκροῖς
1155 1275 1161 1288 .
1185 1276 1192 1288 .
1216 1277 1222 1288 ,

167 1351 207 1392 20
230 1334 263 1394 B.
287 1329 357 1407 οίμ’
381 1328 427 1406 ιίις
451 1328 581 1403 ἀπολεῖς
605 1324 634 1402 μ’
658 1326 796 1389 ἐνταῦθα
819 1323 1008 1404 διατρίβους’
1032 1324 1078 1388 έτι

251 1431 356 1509 παρὸν
380 1431 540 1507 κολυμβᾶν
562 1427 608 1505 ιίις
630 1425 712 1503 ἔχετ’
739 1425 785 1503 εἰς
808 1426 864 1489 τὸν
887 1425 1063 1505 Τάρταρον.

229 1538 265 1595 Α.
288 1531 324 1595 Τί
346 1533 427 1607 δῆτα
449 1530 559 1606 λέξεις,
581 1525 743 1590 τάπίλοιπ’
767 1525 867 1605 ἤνπερ
890 1527 988 1609 πάθῃ;

251 1632 370 1697 ὀπταί
391 1631 521 1709 κίχλαι
544 1628 615 1707 γὰρ
637 1627 693 1706 εἰς
717 1627 929 1707 ἀνάβραστ’
941 1629 967 1709 ¹)
989 1627 1197 1707 ἠρτυμέναι

249 1735 335 1812 περὶ
357 1733 399 1796 τὸ
422 1732 528 1810 στόμ’
551 1727 724 1794 ἐπέτοντ’
749 1728 975 1808 ἀντιβολοῦσαι
997 1734 1161 1796 καταπιεῖν

168 1856 207 1912 25
251 1835 314 1899 ὑπὸ
337 1834 516 1914 μυρρίναισι
539 1831 737 1910 κάνεμώναις
760 1832 928 1910 κεχυμέναι
950 1855 977 1896 e.
1001 1853 1032 1912 q.
1054 1855 1077 1896 s.

167 1940 265 1997 Uides
280 1949 313 1998 ut
329 1935 546 2014 ἠρτυμέναι
568 1955 629 1993 uox
652 1937 840 2011 respondeat
859 1938 957 1993 curali
969 1937 1156 2006 Lucilianae,
1172 1955 1264 2014 quam

167 2042 286 2100 Nonius
309 2050 391 2098 recte
415 2059 476 2097 cum
500 2041 606 2096 delectu
638 2045 812 2112 apparatum
839 2039 940 2096 uerbis
964 2039 1105 2114 explicat.
1151 2038 1264 2096 Confe-

168 2143 255 2200 rendi
285 2151 446 2217 praeterea
481 2140 670 2197 Pherecratis
706 2140 846 2196 eiusdem
879 2139 910 2195 in
947 2139 1047 2196 Persis
1075 2157 1125 2200 uu.
1159 2136 1264 2216 (Mein.

171 2260 199 2312 2,
223 2240 314 2316 315):

251 2340 291 2402 τά
313 2340 349 2403 δὲ
361 2338 400 2415 δὴ
413 2337 528 2414 δένδρη
541 2335 600 2400 τάν
616 2339 684 2413 τοῖς
707 2334 817 2414 ὄρεσιν
835 2339 968 2416 χορδαῖς
984 2336 1097 2416 ὀπταῖς
1110 2338 1264 2418 ἐριφείοις

252 2439 479 2519 φυλλοροήσει,
510 2437 562 2500 καὶ
595 2436 764 2514 τευθιδίοις
798 2435 935 2515 ἁπαλοῖς
968 2437 1090 2515 κίχλαις
1119 2439 1146 2502 τ’
1170 2437 1265 2518 ἀναβ-

1038 2538 1180 2618 ράστοις.

167 2646 210 2702 Et
234 2645 409 2702 Teleclides
432 2643 705 2719 Amphictyonibus
728 2641 837 2718 (Mein.
862 2659 889 2713 2,
913 2640 1019 2721 36ηςΙ

252 2740 347 2805 ὀπταὶ
381 2742 416 2805 δὲ
439 2741 543 2818 κίχλαι
577 2739 641 2818 μετ’
672 2738 856 2818 ἀμητίσκων
889 2739 935 2820 εἰς
965 2741 1023 2805 τὸν
1045 2740 1162 2820 φάρυγ’
1186 2740 1267 2806 εἰσε-

1036 2843 1182 2909 πέτοντο.

169 2947 353 3004 Hominibus
375 2946 502 3003 mortuis
526 2954 589 3002 tam
612 2945 722 3003 festiue
744 2946 917 3003 uiuentibus
931 2947 1025 3004 deum
1035 2950 1169 3025 aliquem
1190 2958 1267 3024 puto

171 3048 242 3122 fingi
265 3057 497 3124 proponentem,
530 3056 564 3104 ut
595 3047 626 3102 in
652 3046 747 3102 uitam
772 3045 936 3104 humanam
966 3049 1067 3108 sinant
1094 3069 1127 3108 se
1150 3052 1268 3109 restitui

173 3151 337 3206 diuinitus:
363 3157 395 3206 at
417 3165 524 3205 omnes
546 3155 690 3204 recusant
713 3142 783 3224 (frg.
807 3145 848 3222 I):

255 3269 317 3307 non
338 3251 436 3308 datur.
461 3251 594 3307 admittit
614 3267 716 3318 nemo,
739 3267 798 3306 nec
823 3249 926 3307 uiuere
947 3251 1065 3308 ducunt

169 3352 274 3410 nauci:
298 3352 358 3408 tale
381 3352 455 3426 quid
468 3351 683 3426 suppleuerim.
706 3351 789 3407 Dicit
804 3352 884 3408 enim
895 3353 1074 3410 demortuis
1098 3371 1176 3411 unus
1199 3373 1268 3412 sese

173 3452 265 3510 malle
288 3454 440 3527 pecudem
463 3452 511 3509 uel
534 3454 653 3510 asinum
674 3454 769 3522 nasci,
794 3470 886 3528 quam
901 3453 1064 3526 hominem,
1087 3456 1113 3511 si
1136 3465 1268 3530 quantos

170 3554 310 3610 omnibus
336 3554 435 3610 modis
459 3554 578 3610 labores
601 3561 795 3629 quantasque
817 3571 979 3611 aerumnas
997 3555 1154 3629 pertulerit
1176 3555 1267 3614 homo

171 3654 348 3711 consideret
382 3651 449 3728 (srg.
473 3654 500 3710 II
523 3662 554 3710 et
572 3652 637 3729 ΠΙ).
669 3653 759 3728 gNon
791 3653 932 3710 hariolari
965 3673 1013 3712 me
1046 3657 1212 3726 concedes,
1243 3659 1268 3714 si

170 3757 427 3813 demonstrauero
455 3755 540 3830 tangi
567 3762 700 3831 apoeta
722 3755 885 3813 Menandri
919 3755 1053 3813 fabulam
1083 3753 1268 3833 Θεοφορου-

274 3910 292 3974 ¹)
312 3913 426 3960 Uersum
446 3912 481 3961 ita
506 3910 639 3961 constituit
657 3912 808 3961 Meinekius
827 3913 978 3963 coniectura
1005 3929 1058 3964 non
1080 3916 1188 3981 palmari
1212 3919 1269 3983 qui·

171 4006 240 4065 dem,
258 4013 287 4054 ut
306 4007 367 4056 mihi
388 4009 501 4072 uidetur,
530 4015 555 4057 at
576 4008 662 4072 qualis
689 4009 723 4058 sit
741 4009 807 4057 nihil
828 4009 937 4058 interest
955 4008 1058 4058 Lucilii.
1096 4008 1186 4058 Codex
1205 4009 1269 4074 opti·

170 4108 241 4143 mus:
267 4092 349 4146 ὀπταί
368 4095 412 4146 καῖ
432 4093 521 4159 κίχλαι
541 4093 595 4159 γὰρ
623 4092 661 4156 είς
686 4093 851 4160 άναβράσεις
872 4137 877 4148 .
897 4094 1063 4162 άναβράσεις
1082 4137 1087 4147 .
1107 4095 1268 4162 ἀνάβραστ’,

170 4194 239 4243 quae
261 4180 339 4230 foede
357 4182 516 4246 interpolata
535 4197 594 4232 esse
612 4190 693 4247 patet.
