2980 4752
705 233 740 294 71

172 419 247 457 nere
269 398 441 477 praestitit'.
488 401 563 477 (Cic.
595 404 677 464 Brut.
706 419 778 463 102:
806 404 886 463 cous.
916 407 955 462 de
987 406 1159 478 or.1214.
1185 399 1271 484 234).

173 503 283 578 Itaque
305 505 473 578 longiorem
495 505 666 562 orationem
682 505 829 562 Lucilium
850 506 959 581 opinor
981 507 1119 563 tribuisse
1132 506 1270 575 Albucio,

173 601 355 660 Scaeuolam
385 604 501 662 inducit
533 607 665 664 breuiter
688 614 896 681 exponentem
929 623 1033 664 ueram
1067 607 1270 664 accusationis

172 721 308 761 causam.
353 706 458 764 ludicii
488 708 616 782 uestigia
650 725 798 782 nusquam
827 708 966 764 uidemus
997 708 1055 765 nisi
1077 709 1107 765 in
1129 709 1203 768 libro
1228 708 1269 777 11;

171 807 213 863 ibi
236 824 306 863 esse
330 816 412 864 certa
435 809 589 864 neminem
616 808 712 883 lugiet
734 809 783 884 qui
810 815 951 866 accurate
979 807 1150 882 fragmenta
1171 809 1270 884 perle-

170 915 233 981 get.
278 907 431 980 Quoniam
460 927 534 966 uero
564 911 649 984 plura
686 911 796 967 iudicia
831 911 983 985 descripta
1009 927 1079 968 esse
1112 910 1269 968 aLucilio

170 1028 280 1084 parum
302 1009 366 1066 ueri
388 1011 482 1067 simile
505 1019 553 1068 est
573 1011 748 1086 optimeque
782 1011 954 1087 fragmenta
978 1011 1042 1068 libri
1064 1013 1093 1068 ll
1125 1014 1166 1070 ad
1194 1012 1269 1069 iudi·

171 1111 252 1166 cium
274 1110 346 1167 illud
364 1119 493 1186 possunt
516 1111 630 1179 referri,
656 1110 732 1169 libro
754 1111 782 1168 Π
808 1112 926 1168 Albucii
954 1121 985 1170 et
1008 1112 1175 1171 Scaeuolae
1200 1131 1269 1170 cau-

173 1229 241 1268 sam
262 1230 331 1270 esse
354 1223 507 1271 narratam
530 1213 650 1289 colligo.

273 1315 374 1389 Atque
397 1315 569 1389 fragmenta
591 1316 671 1372 bene
694 1324 804 1372 coeunt
828 1315 859 1373 in
883 1333 1008 1373 causam
1031 1317 1113 1374 illam
1129 1323 1268 1391 repetun-

172 1417 288 1482 darum,
312 1418 449 1491 quamuis
472 1426 622 1490 corrupta.
666 1415 781 1473 Albucii
813 1425 883 1474 sunt
903 1436 932 1476 u.
955 1416 1041 1491 59L
1069 1434 1080 1472 1
1106 1416 1152 1475 M:

256 1519 279 1578 Ι.
301 1518 394 1576 homo
418 1520 586 1594 impuratus
608 1527 640 1574 et
665 1519 778 1591 inpuro
799 1517 818 1590 †
839 1527 887 1576 est
908 1519 1063 1593 rapinator

171 1621 284 1678 deinde
305 1639 354 1680 uu.
377 1619 427 1695 63.
451 1619 491 1692 64
516 1619 540 1676 L
564 1636 591 1693 q.
620 1635 656 1676 10
680 1619 712 1676 Μ

258 1720 295 1777 ΙΙ.
319 1722 501 1796 impuratum
521 1721 600 1778 hunc
621 1721 651 1776 in
675 1719 777 1777 fauces
801 1720 924 1778 inuasse
947 1721 1138 1795 animamque

322 1823 436 1880 elisisse
458 1822 498 1878 illi

171 1941 261 1999 porro
284 1943 332 1984 uu.
357 1939 406 1999 57.
431 1923 469 1995 58
492 1924 517 1982 L
540 1923 568 1984 ὁ.
595 1940 620 1998 7.
642 1923 674 1982 M

258 2025 309 2085 III.
332 2044 413 2083 nunc
435 2044 549 2084 nomen
572 2027 710 2102 litemque
731 2045 769 2083 ex
792 2026 919 2084 testibus
942 2027 1007 2102 ipse
1030 2025 1168 2101 rogando

330 2127 468 2202 exculpo.
512 2126 600 2186 Haec
622 2129 750 2187 dicam.
777 2121 839 2205 ..¹)

171 2246 200 2286 u.
225 2245 260 2300 41
287 2229 312 2287 L
335 2245 354 2301 4
377 2228 409 2285 M

254 2327 297 2385 IV
704 2340 738 2388 ut
760 2331 822 2388 iure
845 2332 979 2417 peritus

167 2449 218 2489 uu.
241 2429 281 2503 46
301 2448 366 2508 sqq.
393 2431 418 2488 L
445 2446 478 2503 ¹3
502 2449 568 2507 sqq.
592 2431 625 2487 M

253 2531 290 2588 V.
314 2530 393 2588 Nam
416 2533 488 2608 quid
511 2532 648 2590 moetino
672 2533 875 2608 subrectoque
899 2531 967 2589 huic
989 2538 1057 2607 opu’
1082 2525 1202 2606 signoi

317 2631 359 2690 Ut
380 2635 544 2691 lurcaretur
566 2633 685 2692 lardum
709 2642 740 2691 et
762 2634 899 2692 carnaria
922 2632 1031 2701 fartim,

318 2728 469 2803 †Parum
492 2735 655 2793 conficeret
679 2783 684 2794 .
710 2780 716 2793 .
748 2779 754 2794 .

271 3087 290 3152 ¹)
310 3089 393 3139 Codd.
427 3105 521 3138 nomen
551 3093 658 3156 z'amque
686 3105 743 3138 cum
771 3089 924 3154 praebeant,
955 3088 1073 3150 Scaliger
1101 3087 1269 3136 Nomentani

170 3192 240 3239 quae
258 3178 360 3242 scripsit
378 3179 519 3227 admodum
542 3178 641 3227 infelici
661 3179 810 3228 coniectura
828 3193 904 3226 usus:
933 3177 1072 3239 genetiuus
1097 3177 1130 3224 ad
1154 3176 1266 3224 testibus

168 3265 302 3329 pertinens
322 3266 390 3314 male
413 3284 441 3316 se
468 3267 556 3318 babet.
593 3267 775 3317 Nomentanus
800 3283 860 3316 uum
884 3269 911 3317 in
930 3267 1025 3316 Lucilii
1045 3266 1138 3316 saturis
1158 3265 1264 3314 omnino

170 3362 272 3419 carptus
296 3355 382 3414 suerit,
408 3356 487 3406 ualde
518 3357 690 3406 dubitandum
720 3364 760 3406 est
787 3357 831 3407 uel
857 3358 918 3406 ideo
945 3357 1016 3422 quod
1035 3371 1103 3420 quae
1121 3353 1266 3419 Porphyrio

170 3444 203 3492 ad
222 3445 286 3494 Hor.
300 3450 347 3494 sat.
369 3447 381 3493 Ι
404 3456 426 3506 1,
449 3458 497 3495 102
518 3446 599 3495 habet
618 3447 674 3496 sine
695 3447 775 3495 dubio
795 3463 826 3496 ex
846 3446 952 3509 egregio
971 3446 1043 3494 fonte
1063 3443 1176 3491 deducta
1196 3450 1264 3500 sunt,

170 3540 260 3582 contra
288 3548 317 3581 ex
341 3535 454 3583 Acronis
484 3535 573 3584 uerbis
603 3536 635 3584 ad
665 3542 713 3586 sat.
733 3533 761 3584 ΙΙ
784 3547 856 3594 1‚22
878 3536 908 3586 C.
933 3536 962 3584 F.
991 3537 1127 3583 Hermann
1156 3531 1265 3581 uerbum

168 3624 292 3672 Lucilius
311 3631 382 3672 recte
403 3623 485 3674 eiecit.
505 3611 592 3686 (Cous.
607 3624 723 3673 Mueller
742 3625 804 3674 edit.
824 3641 850 3689 p.
873 3623 942 3689 167).
980 3625 1011 3673 In
1030 3621 1126 3672 Lucilii
1147 3621 1264 3686 reliquiis

168 3709 232 3775 ipsis
261 3711 297 3758 nil
316 3711 402 3759 adhuc
423 3711 556 3760 inuentum
585 3719 632 3769 est,
660 3728 713 3777 quo
735 3713 905 3762 demonstrari
927 3717 1018 3776 posset
1036 3711 1265 3758 Nomentanuma

168 3807 245 3864 poeta
263 3799 364 3848 laesum
384 3814 450 3850 esse.
480 3801 558 3850 Certe
577 3802 629 3850 duo
647 3801 696 3850 illa
708 3803 855 3864 fragmenta
874 3800 936 3850 libri
955 3799 982 3848 11
999 3800 1036 3848 ita
1055 3804 1175 3863 corrupta
1194 3804 1263 3861 sunt,

168 3895 196 3936 ut
214 3889 252 3937 nil
277 3888 339 3938 inde
358 3889 440 3953 possit
466 3888 561 3951 colligi.
600 3891 702 3939 Uersus
722 3891 755 3952 69
775 3892 797 3939 L
819 3891 835 3939 8
854 3893 883 3938 M
903 3890 1018 3938 nondum
1037 3887 1190 3936 emendatus
1210 3893 1263 3937 est:

169 3975 217 4024 sed
241 3992 271 4025 eo
295 3991 373 4041 quern
404 3977 445 4025 hic
474 3983 631 4028 tractaturus
654 3993 709 4027 sum
728 3993 808 4026 uersu
826 3977 987 4027 uocabulum
1006 3990 1099 4024 nomen
1118 3974 1264 4040 perbonum

169 4079 228 4114 esse
247 4064 406 4115 uidebimus.
442 4067 535 4130 Itaque
554 4081 622 4130 quae
641 4067 745 4116 Becker
763 4067 790 4114 in
810 4068 879 4118 Mus.
900 4067 990 4116 Rhen.
1005 4065 1030 4114 V
1042 4079 1067 4133 p.
1083 4076 1135 4130 370
1153 4064 1265 4131 probare

169 4153 268 4204 studuit
286 4154 455 4221 comprobare
475 4171 528 4205 non
546 4170 661 4221 possum.
