2980 4752
750 285 791 343 50

307 451 465 531 Σειρῆνας
487 451 545 530 μὲν
566 453 696 529 πρῶτον
719 447 857 528 ἀφίξεαι,
880 447 914 512 αἵ
936 447 977 527 ῥά
999 469 1033 513 τε
1057 447 1182 528 πάντας

307 551 504 633 ἀνθρώπους
526 553 698 628 θέλγουσιν
720 549 789 628 ὅτις
810 551 918 629 σφέας
941 549 1155 630 εἰσαφίκηται.

310 653 403 733 ὅστις
426 652 580 736 ἀϊδρείῃ
603 651 729 734 πελάσῃ
753 650 804 714 καὶ
826 650 972 729 φθόγγον
996 649 1120 734 ἀκούσῃ

308 757 481 835 Σειρήνων,
503 759 548 838 τῷ
571 759 605 848 δ’.
622 753 692 818 οὔτι
714 753 793 829 γυνὴ
817 753 869 816 καὶ
891 753 989 830 νήπια
1010 751 1107 817 τέκνα

309 857 420 921 οἴκαδε
442 855 640 933 νοστήσαντι
662 854 856 932 παρίσταται
878 853 954 918 οὐδὲ
975 853 1137 933 γάνυνται,

307 959 390 1024 ἀλλά
412 979 447 1022 τε
470 959 621 1035 Σειρῆνες
645 958 781 1038 λιγυρῇ
805 956 1016 1031 θέλγουσιν
1038 954 1152 1038 ἀοιδῇ
1176 1006 1182 1018 .
1206 1005 1213 1018 .

324 1277 405 1336 Libri
427 1277 565 1334 eiusdem
586 1293 635 1335 uu.
658 1273 729 1350 967.
753 1272 813 1348 968
837 1274 862 1331 L
885 1275 935 1333 62.
958 1273 997 1348 63
1022 1274 1107 1332 Min
1130 1276 1305 1334 codicibus:

307 1387 380 1436 tune
404 1378 476 1452 iugo
498 1377 606 1451 iungas
628 1383 767 1432 meante
791 1383 821 1431 et
843 1376 1010 1432 succedere
1033 1385 1133 1434 aratro

307 1480 433 1537 inuitum
455 1486 487 1536 et
506 1478 612 1552 glebas
638 1477 760 1552 subigas
782 1477 980 1551 proscindere
1003 1474 1102 1535 ferro?
1186 1547 1189 1556 ‚

225 1597 300 1657 Sunt
326 1599 392 1656 sine
422 1597 515 1654 dubio
542 1597 637 1653 uerba
669 1594 839 1653 Thessalae
873 1614 974 1671 equae
1008 1592 1101 1671 (conf.
1125 1616 1173 1657 uu.
1198 1607 1321 1655 antece-

225 1693 347 1770 dentes)
379 1699 510 1774 grauiter
543 1698 726 1754 domitorem
749 1697 883 1764 ferentis,
918 1697 948 1754 in
982 1698 1089 1773 quibus
1122 1707 1204 1756 recte
1238 1702 1322 1775 apud

226 1801 404 1859 Muellerum
426 1799 558 1875 positum
581 1808 628 1855 est
651 1799 772 1854 z'nur'tam
796 1791 889 1878 (conf.
909 1797 988 1856 Enn.
1011 1806 1090 1875 trag.
1106 1815 1165 1874 219
1182 1799 1235 1876 V),
1259 1820 1322 1859 non

225 1909 308 1958 recte
331 1906 394 1974 apte
416 1899 531 1956 editum
553 1897 592 1954 ab
615 1898 729 1955 eodem
751 1915 806 1972 pro
831 1903 905 1975 ante,
930 1899 1012 1972 quod
1027 1900 1118 1957 ualde
1138 1900 1264 1975 languet
1285 1902 1322 1959 si-

226 2012 277 2059 cut
299 2002 381 2058 istud
404 2006 469 2057 ante
491 2017 508 2055 a
530 1999 728 2056 Lachmanno
752 2009 914 2058 seruatum.
959 1999 1158 2058 Scribendum
1180 2011 1267 2078 puto:

307 2130 378 2178 tune
402 2121 474 2195 iugo
496 2120 604 2193 iungas
627 2113 697 2174 me?
720 2137 800 2175 anne
823 2126 854 2174 et
876 2120 1041 2177 succedere
1064 2129 1164 2178 aratro

307 2222 432 2279 inuitam
454 2230 485 2278 et
506 2220 632 2296 glaebas
656 2220 780 2295 subigas
803 2220 1003 2295 proscindere
1026 2218 1126 2279 ferro?

222 2342 272 2400 Fit
282 2340 434 2416 gradatio:
459 2340 587 2415 primum
607 2357 687 2415 equa
702 2339 804 2413 iugum
826 2346 857 2395 et
879 2338 965 2396 frena
980 2349 1108 2412 recusat,
1133 2341 1204 2398 dein
1220 2351 1317 2418 rogat,

222 2462 295 2500 num
316 2460 379 2499 non
400 2442 494 2498 modo
510 2441 651 2497 dometur
667 2439 769 2506 frenis,
792 2441 848 2496 sed
865 2440 956 2495 etiam
978 2458 1064 2497 arare
1080 2450 1214 2516 cogatur,
1237 2445 1321 2517 quod

223 2562 299 2619 opus
322 2544 404 2618 apud
426 2550 545 2598 ueteres
568 2543 707 2616 atauris,
740 2558 896 2614 nunquam
926 2541 965 2596 ab
997 2542 1083 2614 equis
1112 2541 1227 2600 factum
1249 2562 1320 2601 esse

222 2663 290 2702 cum
312 2644 435 2701 aliunde
456 2651 564 2699 notum
583 2650 642 2713 est,
664 2651 729 2699 tum
751 2649 836 2715 patet
865 2659 883 2696 e
904 2640 1067 2714 prouerbio
1091 2636 1192 2717 ‘optat
1213 2645 1321 2721 ephip-

222 2747 272 2820 pia
294 2746 351 2802 bos
373 2745 468 2819 piger,
490 2751 576 2818 optat
598 2760 684 2798 arare
707 2735 867 2798 caballus'.
890 2771 930 2780 -
953 2742 1037 2798 Anne
1054 2752 1212 2818 usurpatur
1225 2763 1319 2821 saepe

222 2846 253 2902 in
268 2845 377 2903 talibus
399 2843 702 2919 interrogationibus:
726 2842 806 2920 cons.
831 2840 936 2902 Catull.
961 2841 1011 2912 66,
1029 2859 1063 2916 15
1087 2844 1158 2905 Ter.
1181 2847 1275 2906 Andr.
1292 2848 1321 2904 V

224 2962 252 3013 2,
280 2961 318 3003 10
340 2941 443 3004 ‘Anne
466 2954 514 3003 est
535 2947 614 3002 intus
640 2940 851 3021 Pamphilus'?

673 3163 863 3173 -——---—--

322 3314 402 3371 Libri
424 3313 466 3371 111
490 3314 522 3371 Μ
544 3333 572 3371 u.
598 3330 637 3389 39
662 3317 714 3391 qui
734 3335 763 3376 u.
786 3318 870 3375 cuius
893 3318 959 3377 libri
982 3321 1021 3377 sit
1042 3322 1195 3380 nescimus

465 3434 518 3472 ore
544 3417 639 3473 salem
661 3417 811 3492 expirauit
832 3437 968 3477 amarum

223 3554 242 3593 a
262 3535 344 3593 nullo
367 3535 484 3592 editore
511 3535 602 3592 uideo
633 3537 815 3610 explicatum
848 3539 905 3596 nisi
943 3559 960 3597 a
983 3540 1099 3612 Dousa,
1135 3545 1185 3618 qui
1208 3544 1320 3603 collato

224 3635 320 3696 Plaut.
344 3635 435 3697 Stich.
459 3636 472 3693 I
497 3652 524 3703 2,
551 3651 589 3710 35
618 3637 812 3695 tralationem
841 3640 905 3696 fieri
927 3643 1029 3710 sumit:
1062 3661 1154 3717 quem
1183 3663 1246 3703 non
1272 3664 1320 3703 se-

224 3753 317 3811 quere
340 3738 365 3795 si
387 3740 614 3814 comparaueris
636 3740 728 3797 Hom.
756 3757 772 3800 ε
795 3757 871 3814 322:

464 3853 628 3932 στοματὸς
650 3851 677 3917 δ’
702 3853 875 3919 ἐξέπτυσεν
897 3854 999 3935 ἅλμην

222 3967 429 4054 πικρήν...

223 4070 329 4129 Lucilii
361 4075 456 4132 uerba
487 4086 627 4134 accurate
659 4078 700 4136 ad
721 4077 849 4134 Homeri
883 4080 1040 4155 exemplar
1071 4098 1217 4155 expressa
1250 4101 1321 4140 esse

222 4195 314 4235 nemo
337 4177 472 4253 negabit,
501 4195 601 4255 neque
632 4180 799 4255 quidquam
827 4181 954 4257 amplius
984 4183 1164 4240 addendum
1190 4182 1247 4242 nisi
1271 4185 1321 4259 qui
