2998 4744
746 253 779 294 11

211 425 340 483 litteram
368 423 447 490 lecit,
481 425 531 499 qui
555 418 661 484 illam'.
682 453 723 464 --
747 424 906 482 Postremo
937 432 1133 500 praeceptum
1163 422 1309 482 Uarronis

211 529 252 584 de
274 526 436 584 litterarum
458 527 629 584 nominibus
658 534 810 586 seruatum
842 534 891 583 est
914 543 1088 601 quanquam
1109 527 1310 601 posteriomm

210 636 382 703 temporum
403 627 617 685 additamentis
629 636 800 703 corruptum
822 629 904 702 apud
917 627 1053 702 Sergium
1075 627 1120 685 IV
1141 646 1171 703 p.
1186 642 1256 700 520,
1273 627 1309 684 18

210 729 257 786 his
280 728 393 789 uerbis:
416 723 531 787 ‘Uarro
555 728 626 787 dicit
637 737 845 786 consonantes
861 728 900 785 ab
922 748 941 785 e
955 729 1070 786 debere
1084 730 1216 805 incipere
1230 747 1309 804 quae

210 829 409 886 semiuocales
440 836 563 886 suntet
585 829 615 885 in
637 847 656 884 e
680 829 795 886 debere
827 829 968 886 desinere
1000 845 1080 904 quae
1106 837 1209 886 mutae
1232 836 1308 886 sunt.

210 929 289 989 Ideo
311 930 381 987 illae
405 931 475 1006 quia
496 948 560 986 non
582 931 622 988 ab
643 950 662 988 e
682 930 828 1005 incipiunt
848 947 950 1004 neque
971 930 1003 986 in
1023 949 1043 986 e
1064 931 1216 998 desinunt,
1238 949 1309 1005 pos·

210 1040 282 1090 sunt
302 1031 365 1107 pati
385 1031 576 1099 calumniam,
610 1039 643 1088 ut
668 1050 726 1089 uec
752 1032 872 1089 litterae
892 1030 1054 1088 uideantur
1084 1039 1135 1089 aut
1166 1049 1230 1088 non
1252 1033 1311 1090 sint

209 1133 402 1191 necessariae
425 1141 458 1190 ut
481 1133 602 1191 suntin
625 1134 855 1191 semiuocalibus
878 1153 897 1190 x
919 1142 997 1192 etz.
1041 1132 1112 1191 Non
1138 1135 1219 1191 enim
1240 1141 1310 1191 sunt

208 1235 411 1302 necessariae,
433 1251 505 1291 nam
526 1234 661 1309 duplices
685 1244 764 1304 sunt,
790 1236 860 1310 quia
881 1254 921 1293 ex
941 1235 1006 1293 aliis
1030 1235 1133 1293 litteris
1154 1235 1218 1292 fieri
1239 1253 1308 1310 pos-

209 1342 289 1394 sunt.
333 1334 380 1392 Ex
401 1335 491 1393 mutis
522 1343 717 1394 remouentur
742 1344 866 1412 propter
890 1337 971 1394 illam
993 1354 1084 1412 quarn
1111 1335 1238 1393 diximus
1262 1354 1309 1393 ra·

209 1437 324 1494 tionem
346 1436 365 1493 h
385 1436 406 1494 k
427 1456 461 1514 q:
483 1437 502 1494 h
529 1439 612 1514 quod
634 1439 778 1514 aspiratio
799 1437 847 1506 sit,
869 1457 932 1494 non
955 1438 1068 1498 littera:
1091 1436 1112 1494 k
1132 1445 1165 1493 et
1186 1453 1205 1512 q
1227 1437 1309 1505 ideo,

210 1539 293 1612 quod
326 1557 342 1596 c
375 1538 476 1597 littera
509 1539 615 1597 harum
645 1539 744 1596 locum
777 1540 874 1615 possit
907 1532 1054 1614 implere’.
1099 1537 1214 1596 Clarius
1241 1537 1309 1595 Ser·

210 1639 274 1698 uius
292 1638 336 1694 lV
357 1659 386 1716 p.
401 1656 473 1712 422,
492 1655 526 1713 15
550 1638 695 1699 Uarronis
711 1641 834 1698 nomine
855 1641 984 1698 omisso:
1007 1634 1226 1698 ‘semiuocales
1239 1646 1310 1696 sunt

212 1749 339 1815 septem,
361 1759 441 1818 quae
462 1742 504 1799 ita
528 1741 728 1817 proferuntur,
761 1749 794 1799 ut
815 1740 959 1799 inchoent
981 1742 1020 1798 ab
1041 1761 1059 1798 e
1081 1741 1179 1798 littera
1201 1747 1234 1797 et
1255 1741 1310 1797 de·

210 1841 310 1900 sinant
329 1842 361 1898 in
374 1842 544 1900 naturalem
559 1861 677 1912 sonum,
699 1852 732 1901 ut
756 1844 790 1900 ef
807 1844 836 1901 el
854 1861 904 1900 em
926 1860 965 1900 en
987 1859 1066 1899 eres
1088 1843 1127 1901 ix.
1151 1841 1213 1899 Sed
1228 1860 1247 1898 x
1269 1841 1307 1898 ab

208 1942 363 2000 iinchoat
391 1951 422 2000 et
443 1944 570 2001 duarum
597 1944 829 2002 consonantium
860 1943 992 2018 fungitur
1025 1937 1107 2000 loco'
1132 1989 1138 2002 .
1162 1988 1169 2002 .
1193 1990 1199 2003 .
1222 1941 1309 1999 Idem

209 2058 263 2116 32:
298 2037 417 2114 ‘Mutae
451 2053 521 2102 sunt
550 2063 671 2113 nouem,
704 2062 782 2120 quae
815 2044 931 2102 debent
963 2044 1107 2102 inchoare
1139 2062 1158 2100 a
1179 2042 1309 2100 naturali

209 2161 287 2202 sono
309 2152 341 2202 et
365 2144 396 2202 in
417 2145 556 2202 uocalem
589 2166 608 2204 e
631 2146 760 2204 litteram
786 2146 937 2213 desinere,
967 2154 1000 2203 ut
1027 2146 1046 2202 b
1069 2164 1090 2221 g
1111 2154 1145 2202 et
1166 2145 1307 2219 reliquae.

209 2245 256 2302 Ex
279 2246 386 2320 quibus
408 2254 480 2315 tres,
504 2248 647 2321 quoniam
670 2265 734 2304 non
757 2248 901 2305 desinunt
921 2248 953 2304 in
969 2267 997 2321 e,
1020 2247 1234 2305 contumeliam
1254 2263 1308 2321 pa-

208 2345 327 2415 tiuntur,
349 2345 369 2402 h
390 2346 411 2402 k
435 2364 463 2422 q.
506 2345 537 2402 H
555 2365 574 2402 a
595 2347 746 2423 plerisque
766 2349 979 2424 adspirationis
1002 2356 1087 2416 nota,
1111 2365 1129 2404 a
1156 2346 1307 2423 plerisque
1330 2333 1332 2337 ⁷

208 2463 382 2504 consonans
406 2446 543 2508 habetur.
588 2448 618 2506 K
638 2467 712 2506 uero
735 2455 767 2506 et
788 2467 809 2524 q
832 2449 919 2506 aliter
935 2467 993 2507 nos
1015 2450 1133 2525 utimur,
1156 2448 1243 2505 aliter
1262 2447 1308 2504 usi

209 2555 279 2606 sunt
301 2549 431 2607 maiores
454 2550 559 2610 nostri.
591 2549 731 2624 Namque
753 2549 794 2607 illi
809 2551 1070 2626 quotienscunque
1093 2549 1308 2625 asequebatur

208 2647 229 2704 k
249 2650 482 2726 praeponebant
503 2651 534 2708 in
556 2652 639 2709 omni
658 2660 746 2727 parte
768 2652 922 2721 orationis,
952 2659 985 2708 ut
1014 2651 1108 2727 kaput
1131 2657 1163 2709 et
1185 2648 1306 2722 similia;

208 2767 265 2807 nos
285 2768 358 2808 uero
374 2769 437 2808 nou
458 2769 635 2826 usurpamus
653 2752 672 2808 k
687 2753 815 2810 litteram
836 2753 893 2811 uisi
914 2753 946 2810 in
959 2753 1167 2810 Kalendarum
1183 2751 1307 2809 nomine

209 2850 378 2910 scribendo.
421 2851 561 2928 Itemque
586 2854 667 2929 illiq
697 2855 941 2929 praeponebant,
975 2855 1115 2930 quotiens
1147 2872 1167 2911 u
1200 2869 1307 2927 seque-

207 2953 304 3021 batur,
326 2972 383 3010 nos
404 2971 478 3010 uero
500 2973 564 3011 non
586 2973 747 3030 possumus
769 2972 788 3029 q
810 2973 1012 3031 praeponere,
1035 2956 1092 3012 nisi
1114 2964 1145 3011 et
1162 2974 1183 3013 u
1198 2971 1306 3028 sequa-

208 3061 255 3111 tur
286 3063 409 3130 etpost
431 3056 530 3129 ipsam
551 3057 609 3114 alia
630 3056 754 3124 uocaliS,
786 3065 819 3113 ut
847 3051 1014 3131 quoniam'.
1057 3057 1165 3114 Fusius
1188 3055 1308 3112 dehac

207 3174 240 3214 re
262 3154 423 3231 Pompeius
447 3155 475 3212 V
507 3177 537 3232 p.
565 3173 618 3226 101
651 3157 722 3234 egit.
768 3155 845 3215 Cum
877 3159 1019 3216 traditum
1050 3176 1115 3215 non
1147 3157 1185 3214 sit
1216 3173 1307 3230 quem

208 3264 362 3316 auctorem
383 3256 481 3316 Uarro
504 3259 534 3316 in
556 3257 666 3316 haere
689 3267 811 3317 secutus
832 3260 879 3338 sit,
907 3278 971 3317 non
992 3260 1058 3317 sine
1079 3276 1172 3317 causa
1194 3257 1306 3315 littera·

207 3377 272 3416 rum
290 3359 446 3416 nominum
467 3359 642 3417 Latinarum
656 3361 847 3418 inuentorem
869 3361 967 3436 ipsum
977 3359 1149 3418 Uarronem
1171 3359 1305 3416 dicemus

207 3460 351 3534 quoniam
372 3458 490 3518 illorum
511 3461 667 3518 nominum
689 3462 766 3520 ratio
789 3461 863 3521 mire
886 3480 954 3519 cum
968 3460 1114 3520 Uarronis
1139 3462 1179 3518 de
1200 3459 1305 3517 litteris

207 3561 345 3619 doctrina
377 3570 524 3636 congruat
556 3579 656 3637 neque
688 3563 767 3620 inter
791 3563 964 3620 Lucilianae
984 3553 1088 3638 poesis
1110 3571 1248 3637 tempora
1274 3569 1306 3618 et

205 3658 387 3718 Uarroniani
408 3661 473 3718 libri
494 3663 534 3733 de
548 3663 729 3738 antiquitate
743 3663 909 3721 litterarum
927 3663 1078 3722 exstiterit
1091 3662 1305 3737 grammaticus

205 3827 405 3836 ————-

204 3963 334 4023 dicuntur,
356 3965 427 4030 quod
446 3981 506 4016 esse
524 3967 639 4016 ostendit
658 3969 743 4018 Uarro
766 3968 794 4018 iu
811 3969 839 4016 II
863 3967 897 4016 de
923 3966 1076 4032 antiquitate
1094 3966 1241 4016 litterarum
1260 3965 1306 4014 do·

203 4069 266 4102 cens
283 4052 376 4116 lingua
393 4054 587 4106 Chaldaeorum
607 4056 767 4120 singularum
785 4056 890 4109 nomina
899 4057 1045 4109 litterarum
1059 4057 1092 4108 ad
1106 4071 1195 4107 earum
1206 4057 1303 4108 formas

205 4155 264 4191 esse
283 4141 363 4192 facta'
382 4158 403 4193 e.
424 4160 448 4209 q.
470 4160 490 4196 s.
