2980 4752
750 259 788 317 62

219 443 326 501 abdicas
347 444 477 520 praebet
508 445 610 502 codex
631 439 892 506 Guelferbitanus:
925 446 1135 522 grauissimum
1158 447 1239 505 enim
1261 456 1318 517 est,

219 546 303 620 quod
312 545 415 621 Lupus
427 546 510 621 apud
521 545 669 604 Lucilium
680 547 779 622 ipsum
792 547 885 604 iudex
898 545 1077 606 describitur
1087 549 1162 606 libro
1175 548 1317 617 xxvlss,

218 646 283 703 sine
306 646 400 704 dubio
422 655 535 722 poetae
557 647 695 717 infestus,
717 658 751 705 ut
766 647 800 708 C.
817 647 937 707 Caelius
946 647 969 722 ¹)
988 650 1081 707 iudex
1103 651 1185 726 apud
1202 649 1315 709 Cornif.

218 749 261 806 ad
281 747 355 807 Her.
376 747 405 804 11
430 761 477 822 19.
522 742 570 805 ‘ln
592 744 762 825 republica'
795 751 880 825 quod
907 751 1042 809 editores
1067 760 1195 828 ponunt,
1223 751 1317 809 uehe-

218 858 336 906 menter
348 850 486 924 languet:
502 867 580 924 opus
594 851 618 906 si
633 851 797 925 quicquam
812 851 972 927 flagitatur,
986 853 1170 910 adiectiuum
1181 870 1258 928 opus
1270 861 1317 910 est

218 951 392 1026 adpositum
408 951 449 1008 ad
460 951 576 1007 ricdr'criz
590 951 721 1008 elitteris
736 953 766 1008 in
778 951 865 1009 rebus
876 961 906 1009 et
920 955 968 1009 rer'
976 955 1125 1029 corruptis
1138 955 1318 1012 eliciendum

218 1060 266 1109 est
287 1050 417 1109 fortasse
441 1050 532 1126 (Lupi
555 1052 711 1109 cuiusdam
733 1046 854 1130 iudicis)
878 1053 1011 1128 improbi.
1045 1053 1134 1114 Conf.
1151 1074 1179 1115 u.
1197 1068 1272 1130 1071
1292 1055 1317 1112 L

217 1153 274 1212 inc.
302 1151 360 1210 160
381 1152 423 1221 M,
448 1170 538 1228 quem
559 1161 592 1210 ut
613 1171 721 1210 omnes
734 1152 840 1211 Lucilii
861 1174 909 1215 uu.
932 1158 1015 1232 apud
1038 1156 1232 1214 Rufinianum
1255 1174 1319 1214 ser·

218 1262 308 1313 uatos
331 1254 407 1312 libro
429 1254 443 1311 I
465 1254 555 1312 tribui
577 1255 693 1312 debere
716 1273 765 1312 me
788 1257 905 1315 monuit
929 1257 1103 1318 Buecheler.

302 1356 349 1414 Ex
372 1357 423 1413 dei
444 1355 551 1413 nescio
574 1357 657 1414 cuius
682 1357 835 1415 sententia
857 1360 1021 1435 desumpta
1044 1367 1114 1417 sunt
1135 1360 1212 1418 haec

218 1459 274 1515 tria
296 1458 483 1533 fragmenta:
507 1476 557 1516 uu.
582 1458 610 1518 8.
634 1475 662 1534 9.
691 1475 737 1519 10.
760 1474 795 1531 31
823 1460 848 1517 L
874 1476 918 1534 14.
952 1477 998 1536 15·
1021 1478 1071 1535 33.
1094 1476 1144 1538 37.

302 1578 362 1635 quo
383 1560 527 1634 populum
547 1568 640 1635 atque
663 1559 770 1617 urbem
789 1570 880 1636 pacto
904 1580 1026 1620 seruare
1048 1564 1179 1639 potisset

227 1701 231 1706 -
302 1658 424 1735 ampliu’
447 1661 619 1718 Romanam
642 1709 647 1721 .
674 1708 679 1720 .
705 1710 710 1722 .

301 1778 409 1819 munus
436 1769 541 1820 tamen
569 1761 652 1837 fungi
685 1771 717 1819 et
745 1781 846 1821 muros
880 1781 1001 1823 seruare
1034 1763 1186 1838 potissent
1209 1758 1317 1838 (codd.

1013 1859 1169 1942 possint).
1192 1911 1198 1923 .
1224 1912 1231 1926 .

302 1965 326 2021 si
348 1983 411 2022 non
435 1965 572 2040 amplius,
596 1974 628 2022 at
649 1957 776 2023 lustrum
798 1966 856 2023 hoc
878 1966 1056 2041 protolleret
1077 1983 1169 2022 unum

218 2066 319 2140 Atque
343 2065 439 2140 agitur
461 2067 585 2141 quidem
615 2068 646 2124 in
669 2068 789 2124 duobus
820 2068 922 2141 primis
952 2068 1089 2124 uersibus
1111 2067 1151 2123 de
1175 2067 1236 2123 deo
1260 2066 1313 2124 ali-

218 2183 289 2240 quo,
312 2165 361 2241 qui
384 2166 489 2222 urbem
519 2174 549 2222 et
572 2166 718 2242 populum
742 2185 802 2243 quo
830 2168 925 2225 modo
952 2184 1075 2225 seruare
1098 2166 1197 2242 possit
1219 2167 1316 2223 medi·

218 2274 313 2334 tatur;
343 2285 362 2323 e
385 2284 475 2324 uersu
496 2267 600 2325 ultimo
632 2279 760 2344 apparet
788 2270 921 2326 eundem
953 2287 1079 2345 operam
1112 2269 1246 2337 dedisse,
1281 2274 1314 2324 ut

219 2369 327 2425 saltem
356 2370 396 2424 ad
419 2368 502 2426 lustri
524 2369 616 2426 finem
637 2371 718 2428 urbis
740 2371 892 2428 interitum
915 2371 1049 2428 differret
1072 2378 1123 2430 aut
1143 2371 1248 2428 urbem
1271 2368 1317 2443 ip·

219 2486 285 2524 sam
296 2469 413 2528 saluam
425 2470 618 2545 protolleret:
636 2472 686 2528 ubi
702 2472 1008 2529 animaduertendum
1021 2480 1067 2529 est
1082 2472 1135 2528 hoc
1147 2487 1317 2546 pronomen

219 2570 302 2643 quod
324 2571 472 2646 significet
495 2572 527 2628 id
549 2590 610 2647 quo
633 2573 741 2630 uiuunt
763 2573 888 2631 lustrum
909 2590 1066 2647 praesens.
1107 2570 1255 2628 Uidemus
1279 2589 1317 2626 ex

122 2661 127 2670 ’
218 2669 319 2728 uerbis
339 2673 458 2745 polverel
477 2680 508 2728 et
523 2673 699 2746 protollere!
726 2673 910 2730 sententiam
942 2690 1005 2730 non
1028 2675 1130 2730 adeo
1162 2674 1229 2748 ipso
1259 2673 1317 2729 dici

219 2772 275 2829 sed
297 2774 411 2830 dictam
444 2773 475 2830 in
497 2774 626 2831 concilio
656 2774 768 2833 referri.
813 2775 864 2832 Ad
887 2775 980 2832 uerba
1011 2775 1092 2835 conf.
1115 2775 1190 2834 Hor.
1222 2793 1317 2833 carm.

217 2891 299 2932 saec.
324 2872 362 2946 65
385 2869 430 2932 ‘Si
449 2874 604 2934 Palatinas
624 2876 709 2933 uidet
731 2893 845 2951 aequus
868 2893 964 2946 arces,
986 2877 1126 2952 Remque
1142 2877 1316 2933 Romanam

216 2973 398 3050 Latiumque
425 2975 496 3033 felix
518 2977 656 3034 Alterum
687 2979 718 3034 in
739 2978 865 3036 lustrum
897 2979 1067 3054 meliusque
1101 2994 1222 3051 semper
1244 2977 1317 3034 Pro·

217 3084 306 3149 rogat
329 3072 448 3133 aeuum’
479 3073 534 3152 (sc.
558 3077 693 3153 Apollo).
736 3077 804 3139 Ual.
831 3081 912 3139 Max.
932 3079 976 3135 IV
1003 3095 1027 3148 r,
1048 3095 1093 3136 10.
1139 3072 1316 3136 ‘Africanus

218 3219 253 3236 ..
279 3223 285 3236 .
309 3194 419 3234 censor
440 3195 508 3234 cum
530 3178 656 3236 lustrum
685 3181 832 3237 conderet
858 3180 950 3255 inque
974 3181 1065 3237 solito
1087 3179 1150 3237 fieri
1172 3178 1316 3236 sacrificio

218 3278 317 3336 scriba
340 3295 379 3334 ex
400 3277 525 3352 publicis
548 3279 658 3336 tabulis
670 3282 817 3338 sollemne
840 3281 868 3336 ei
884 3281 1070 3355 precationis
1089 3297 1213 3338 carmen
1227 3297 1316 3355 prae·

217 3380 282 3444 iret,
306 3398 368 3456 quo
391 3379 422 3435 di
446 3380 631 3438 immortales
661 3390 693 3438 ut
720 3381 824 3457 populi
847 3381 978 3439 Romani
1006 3400 1054 3440 res
1081 3383 1223 3439 meliores
1252 3398 1314 3438 amr

217 3480 389 3557 plioresque
413 3479 559 3550 lacerent,
582 3483 783 3556 rogabantur:
822 3483 911 3552 Satis,
934 3484 1042 3560 inquit,
1065 3485 1215 3541 bonaeac
1230 3500 1315 3556 mag·

216 3600 276 3639 nae
299 3591 377 3642 sunt.
421 3582 531 3659 ltaque
553 3601 663 3658 precor
691 3593 724 3640 ut
746 3602 799 3640 eas
822 3593 970 3659 perpetuo
992 3585 1158 3641 incolumes
1182 3590 1315 3640 seruent.

318 3831 338 3895 ι)
356 3832 445 3883 Valde
480 3834 587 3885 dubium
616 3851 710 3886 nomen
737 3836 808 3886 istud
828 3834 856 3887 C.
877 3835 985 3887 Caelius
1013 3843 1065 3896 est;
1094 3836 1199 3885 codices
1226 3833 1316 3900 optimi

216 3921 344 3987 praebent
363 3920 472 3972 Caelius
497 3924 596 3973 omisso
622 3925 800 3990 praenomine,
824 3924 1052 3990 Herbopolitanus
1072 3927 1184 3974 arelius:
1211 3923 1315 3972 codices

217 4009 363 4059 deteriores
392 4010 513 4060 nonnulli
543 4012 570 4064 C.
591 4012 699 4064 Coelius
727 4012 849 4062 nonnulli
867 4013 956 4062 Aulus
981 4013 1098 4064 Caelius.
1134 4013 1239 4061 Nomen
1257 4027 1316 4060 cum

217 4105 307 4164 aperte
319 4106 469 4164 corruptum
487 4101 528 4159 sit,
548 4100 593 4150 uel
612 4102 644 4151 L.
669 4101 811 4153 Cornelius
829 4101 908 4150 iudex
929 4101 963 4150 de
982 4116 1035 4166 quo
1055 4100 1156 4163 agimus
1174 4101 1201 4149 in
1220 4099 1315 4149 litteris

218 4187 346 4254 corruptis
364 4195 451 4254 potest
468 4188 558 4240 latere.
