2998 4744
779 220 819 284 30

250 400 343 452 tores.
388 389 464 452 Cum
486 393 568 452 enim
590 393 644 452 uiri
668 394 855 454 Graecorum
877 394 1069 473 philosophia
1091 394 1255 474 praecipue
1273 393 1352 457 Stoi·

249 515 353 554 corum
375 505 407 554 et
429 498 683 555 Academicorum
705 499 845 555 doctrina
877 499 1007 556 instituti
1030 499 1125 558 Laelii
1147 510 1178 558 et
1201 501 1351 577 Scipionis

250 606 352 655 aetate
378 592 454 655 ‘uita
476 599 572 672 magis
594 617 686 673 quam
702 594 823 657 litteris'
844 599 1068 675 philosophiam
1083 607 1352 677 persequerentur,

248 698 368 773 interim
399 698 455 755 illis
488 697 643 756 silentibus
674 696 710 758 C.
733 698 928 756 Amafanium
962 702 1116 758 exstitisse
1146 702 1219 759 dicit
1243 700 1352 759 Cicero

248 799 340 859 Tusc.
362 798 406 855 IV
427 798 455 868 6,
489 800 540 874 qui
573 800 634 856 suis
658 818 843 876 suorumque
866 809 1052 858 sectatorum
1082 802 1161 859 libris
1193 802 1351 877 permultis

247 908 345 958 totam
366 901 486 959 Italiam
516 910 694 975 occuparet:
722 901 803 958 hunc
831 903 912 958 enim
934 902 1126 960 Amafanium
1148 903 1251 960 Lucilii
1274 911 1350 960 tem-

246 1019 321 1076 pore
344 1002 482 1058 floruisse
505 1020 522 1058 e
545 1000 700 1059 Ciceronis
725 1003 827 1060 uerbis
850 1003 950 1078 colligi
972 1003 1051 1062 licet.
1076 1003 1161 1061 Talis
1177 1004 1352 1079 philosophi

246 1103 356 1160 iudicio
380 1104 475 1160 satius
510 1111 673 1160 estunam
700 1103 881 1177 sapientiam
914 1103 1025 1171 colere,
1058 1121 1149 1179 quam
1180 1105 1255 1162 alias
1284 1105 1351 1162 illas

246 1211 336 1272 artes,
367 1221 444 1278 quas
473 1212 565 1262 antea
588 1204 663 1259 dixit
685 1202 827 1272 Lucilius,
850 1213 890 1272 et,
919 1205 1004 1280 quod
1025 1205 1105 1262 utilis
1134 1214 1181 1262 est
1209 1206 1350 1262 omnibus

247 1302 311 1360 eius
334 1303 479 1377 cogniti0,
501 1304 701 1379 perscriptam
724 1322 794 1360 eam
818 1306 939 1362 tradere
961 1322 1051 1361 curae
1074 1305 1178 1362 eidem
1192 1314 1239 1362 est
1255 1323 1351 1381 opera

246 1405 379 1462 animum
399 1405 492 1479 ipsius
515 1415 661 1480 pacante:
693 1406 773 1465 cons.
799 1406 919 1482 Epicur.
942 1424 991 1481 ap.
1015 1406 1116 1466 Laert.
1138 1407 1166 1462 X
1191 1421 1228 1480 37
1251 1401 1350 1467 Ὅθεν

246 1502 284 1578 δὴ
307 1505 387 1565 πᾶσι
410 1502 601 1582 χρησίμης
624 1501 726 1580 οὔσης
749 1507 817 1581 τοῖς
840 1504 1051 1586 ᾠκειωμένοις
1074 1503 1268 1586 φυσιολογίᾳ
1291 1509 1349 1581 τῆς

245 1602 396 1682 τοιαύτης
420 1602 507 1682 ὁδοῦ,
536 1607 727 1681 παρεγγυῶν
758 1605 795 1668 τὸ
826 1606 961 1683 συνεχὲς
989 1604 1147 1683 ἐνέργημα
1179 1604 1213 1668 ἐν
1236 1619 1350 1683 φυσιο-

245 1703 337 1787 λογίᾳ
360 1705 410 1767 καὶ
421 1704 556 1788 τοιούτῳ
569 1705 706 1782 μάλιστα
729 1705 995 1782 ἐγγαληνίζων
1017 1711 1061 1789 τῷ
1074 1706 1129 1790 βίῳ
1143 1705 1283 1784 ἐποίησά
1295 1720 1349 1770 σοι

244 1805 296 1868 καὶ
318 1805 469 1882 τοιαύτην
498 1806 568 1868 τινὰ
590 1805 745 1883 ἐπιτομὴν
768 1809 833 1868 κτλ.
868 1802 920 1887 (ex
941 1810 1120 1867 recensione
1154 1828 1246 1886 quam
1278 1809 1349 1867 fecit

244 1908 275 1964 iu
297 1926 435 1983 prooem.
459 1909 558 1967 Bonn.
586 1908 760 1980 1880s1·H.
785 1904 926 1984 Usener).
972 1906 1034 1968 Cic.
1058 1910 1099 1967 de
1121 1909 1201 1966 fini
1224 1925 1262 1982 43
1283 1927 1349 1985 sqq.

244 2003 419 2083 ‘Sapientia
441 2010 522 2066 enim
545 2018 591 2065 est
608 2027 670 2066 una
693 2056 699 2070 .
723 2053 730 2068 .
750 2055 756 2069 .
780 2027 841 2084 qua
856 2009 1064 2088 praeceptrice
1086 2010 1117 2067 in
1132 2009 1348 2086 tranquillitate

245 2110 307 2165 uiui
339 2119 442 2185 potest
467 2111 601 2167 omnium
636 2111 837 2185 cupiditatum
869 2111 980 2167 ardore
1011 2111 1158 2168 restincto
1182 2157 1188 2170 .
1214 2154 1220 2168 .
1244 2153 1251 2169 .
1280 2106 1347 2186 (45)

245 2208 334 2281 Quae
358 2219 404 2267 est
427 2211 507 2268 enim
528 2219 580 2268 aut
604 2212 707 2268 utilior
729 2220 782 2270 aut
806 2212 848 2269 ad
870 2212 951 2268 bene
972 2212 1141 2269 uiuendum
1163 2211 1263 2288 aptior
1278 2229 1346 2286 par-

243 2311 309 2367 titio
341 2307 397 2378 (sc.
424 2309 648 2386 cupiditatum),
683 2330 776 2388 quam
805 2313 864 2381 illa,
897 2331 958 2388 qua
989 2321 1036 2370 est
1067 2331 1140 2370 usus
1160 2307 1348 2388 Epicurus'?

243 2411 291 2469 De
316 2413 445 2470 malacia
467 2414 559 2470 animi
584 2422 616 2470 et
638 2415 722 2472 uitae
744 2433 799 2490 per
820 2414 1043 2489 philosophiam
1055 2422 1232 2490 comparata
1251 2413 1348 2471 multa

243 2510 390 2587 Epicurus
414 2523 444 2570 et
467 2514 620 2589 Epicurei:
644 2515 755 2572 suflicit
778 2514 897 2572 adferre
914 2515 1034 2590 Epicur.
1056 2533 1106 2590 ap.
1123 2514 1225 2572 Laert.
1240 2514 1269 2570 X
1288 2513 1345 2570 128

244 2630 292 2687 ap.
315 2612 391 2673 Plut.
415 2631 484 2670 cum
505 2615 629 2690 princip.
653 2633 721 2672 esse
743 2614 853 2689 philos.
875 2614 920 2670 111
943 2629 958 2670 2
983 2613 1071 2672 Luer.
1094 2613 1122 2668 V
1146 2613 1164 2670 8
1190 2629 1271 2689 sqq:

327 2731 492 2788 dicendum
514 2740 561 2788 est
584 2733 661 2788 deus
683 2732 732 2789 ille
753 2731 818 2799 fuit,
841 2732 926 2800 deus,
950 2731 1060 2804 inclyte
1082 2730 1217 2799 Memmi,

327 2832 378 2906 qui
398 2832 537 2907 princeps
559 2834 641 2890 uitae
663 2833 814 2890 rationem
835 2832 950 2889 inuenit
972 2851 1052 2895 eam.
1075 2849 1155 2907 quae

326 2950 407 2990 nunc
429 2937 598 3012 appellatur
618 2935 779 3010 sapientia,
803 2934 917 3009 quique
939 2952 993 3009 per
1016 2942 1113 2991 artem

325 3034 465 3094 fluctibus
489 3056 505 3093 e
529 3037 621 3094 tantis
644 3037 727 3093 uitae
750 3037 905 3112 tantisque
929 3035 1063 3092 tenebris

325 3136 356 3193 in
377 3144 441 3195 tam
463 3135 627 3215 tranquillo
651 3147 681 3195 et
704 3147 767 3196 tam
789 3138 868 3196 clara
892 3138 960 3195 luce
982 3137 1104 3195 locauit.

241 3270 326 3328 Alius
344 3289 392 3329 res
415 3281 519 3348 gestas
541 3273 645 3348 populi
660 3272 792 3329 Romani
814 3272 986 3337 conscribit,
1015 3289 1079 3329 non
1110 3280 1209 3328 certus
1238 3270 1342 3339 homo,

242 3374 297 3428 sed
320 3391 412 3448 quem
434 3373 518 3448 fingit
539 3382 634 3449 poeta
663 3390 815 3449 quemque
846 3373 1022 3451 adloquitur
1044 3391 1094 3430 uu.
1118 3372 1178 3447 598
1202 3372 1226 3430 L
1249 3371 1288 3444 58
1311 3371 1344 3429 M

242 3471 661 3551 &mimmw

327 3601 462 3650 ueterem
477 3593 633 3651 historiam
655 3592 797 3648 inductus
821 3591 923 3648 studio
946 3592 1051 3650 scribis
1068 3592 1108 3650 ad
1124 3607 1243 3648 amores
1259 3597 1339 3662 tuos,

326 3703 359 3752 ut
383 3695 543 3753 Romanus
565 3695 696 3770 populus
719 3693 817 3752 uictus
841 3693 870 3748 ui
892 3701 923 3750 et
945 3701 1106 3768 superatus
1124 3689 1249 3767 ¹proeliis

325 3813 419 3871 saepe
442 3805 489 3854 est
504 3796 616 3866 multis
638 3796 717 3853 bello
740 3810 814 3850 uero
830 3811 997 3869 nunquam,
1019 3794 1051 3849 in
1066 3810 1127 3868 quo
1142 3799 1212 3849 sunt
1228 3791 1341 3854 omnia,

241 3947 318 4007 quos
341 3949 391 3992 uu.
420 3933 582 4009 quominus
611 3933 654 3990 sic
677 3932 755 3989 inter
789 3947 824 3986 se
847 3930 1006 3986 consocies
1027 3929 1109 3986 nulla
1135 3947 1183 3985 res
1205 3928 1341 4004 impedit,

240 4043 323 4090 recte
338 4034 382 4091 ita
406 4035 599 4094 consociatos
620 4052 689 4092 esse
720 4031 891 4090 sententiae
914 4031 1055 4088 circuitus
1078 4039 1168 4106 aptus
1195 4031 1246 4106 qui
1269 4047 1342 4086 eua-

241 4135 279 4192 sit
301 4137 478 4211 persuadet.
