2980 4752
728 159 768 235 89

200 344 300 418 Scipio
333 346 410 402 uidit
436 345 673 402 Macedonicum
699 325 845 421 ipsuma
872 345 990 402 Lucilio
1019 345 1200 422 increpitum
1225 362 1294 403 esse

198 446 241 501 ad
255 464 283 503 u.
302 460 340 520 72
364 446 446 503 idem
469 447 635 504 scholiasta
656 455 741 504 certe
764 445 823 503 hoc
847 446 917 504 loco
939 446 1136 504 doctissimus
1158 476 1199 486 -
1220 464 1293 505 narn

197 546 278 604 illam
309 549 350 604 de
383 548 498 606 Lucilio
531 550 708 624 Scipionem
735 567 847 624 mappa
881 549 1005 606 ferituro
1039 549 1294 607 narratiunculam

197 649 311 724 fingere
340 669 402 708 non
434 653 533 726 potuit
566 646 661 729 (conf.
691 650 754 711 Cic.
779 653 820 708 de
843 669 886 710 or.
909 651 940 707 II
963 647 1016 725 22)
1051 681 1085 691 -
1122 651 1216 708 tradit
1247 649 1294 708 his

196 752 310 809 uerbis:
332 747 497 810 ‘Caecilius
519 753 662 810 Metellus
685 753 862 812 consularis.
884 753 944 809 Hic
959 752 1002 809 ΙΙΙ
1024 751 1101 808 filios
1117 752 1294 810 consulares

196 851 273 908 uidit
295 861 326 908 et
347 854 386 911 ab
400 854 473 928 ipsis
489 854 588 911 elatus
611 862 721 912 est...
739 854 854 911 Potens
871 854 926 911 fuit
941 854 1127 928 temporibus
1144 853 1294 928 Scipionis

197 952 391 1014 Africani...
408 956 541 1013 Lucilius
564 957 687 1013 eumin
709 957 839 1030 gratiam
862 955 1012 1031 Scipionis
1035 949 1168 1030 carpsit'.
1212 954 1294 1011 Ante

189 1053 272 1128 filios
303 1057 415 1114 inserui
444 1058 511 1126 III,
546 1057 626 1116 coni.
650 1057 713 1114 Cic.
743 1057 856 1113 defin.
881 1057 909 1112 V
932 1055 970 1113 82
1003 1051 1059 1128 ‘Q.
1077 1055 1220 1113 Metellus
1243 1056 1295 1130 qui

197 1165 258 1212 tres
280 1157 357 1216 tilios
373 1160 515 1216 consules
537 1159 633 1218 uidit.
648 1205 654 1218 .
669 1204 676 1218 .
691 1167 831 1234 quartem
854 1167 956 1216 autem
978 1151 1167 1232 praetorem'
1182 1177 1209 1216 e.
1225 1174 1254 1231 q.
1270 1173 1294 1214 s.

196 1255 266 1316 Ual.
291 1258 373 1318 Max.
390 1259 451 1317 VII
469 1265 527 1333 1‚1
554 1255 730 1335 ‘(Fortuna)
752 1260 825 1316 fecit
847 1268 880 1317 ut
902 1255 956 1333 (Q.
978 1258 1130 1316 Caecilius
1152 1247 1294 1315 Metellus

195 1357 428 1433 Macedonicus)
464 1363 576 1418 eodem
609 1369 747 1436 ternpore
777 1370 839 1418 tres
871 1361 946 1418 filios
977 1359 1152 1417 consulares
1176 1403 1183 1418 .
1204 1404 1211 1418 .
1233 1405 1239 1418 .
1262 1366 1295 1416 et

195 1469 336 1535 quartum
356 1463 542 1536 praetorium
572 1457 718 1520 uideret’.
762 1461 838 1518 Plin.
863 1460 922 1536 VH.
948 1476 1004 1533 142
1029 1459 1105 1520 Uell.
1130 1460 1144 1518 I
1170 1477 1202 1518 rr
1230 1460 1293 1520 Cic.

195 1563 323 1640 Philipp.
346 1564 419 1621 VIlI
446 1581 482 1637 14
504 1565 586 1623 Brut.
611 1564 660 1624 81.
686 1580 757 1622 212.
802 1563 953 1638 Scipionis
983 1564 1192 1622 aduersarium
1226 1581 1295 1620 eum

195 1665 288 1722 fuisse
310 1668 435 1724 tradunt
458 1665 522 1726 Cic.
546 1667 587 1723 de
609 1684 671 1741 rep.
687 1666 701 1722 Ι
716 1681 752 1738 31
780 1666 820 1722 de
834 1684 902 1724 am.
927 1679 964 1740 77
988 1666 1028 1722 de
1050 1666 1100 1724 off.
1124 1665 1199 1740 187
1223 1664 1292 1723 Ual.

196 1767 279 1828 Max.
300 1769 387 1838 Νι,
408 1785 442 1826 12
467 1770 543 1829 Plut.
568 1769 713 1845 apophth.
738 1769 853 1826 Metelli
876 1761 944 1846 3¹).
988 1767 1054 1824 Nec
1077 1766 1209 1825 Lucilius
1233 1784 1293 1841 qua

196 1869 253 1927 fuit
272 1871 385 1945 ingenii
406 1880 516 1928 natura
528 1871 686 1929 Metellum
701 1870 939 1928 Macedonicum
958 1886 1022 1926 non
1036 1869 1160 1926 laedere
1183 1868 1291 1942 potuit.

194 1971 316 2027 Librum
343 1971 445 2028 XXVI
475 1989 556 2029 anno
589 1968 722 2046 623l131
761 1973 907 2046 scriptum
934 1987 1003 2028 esse
1024 1970 1128 2044 posui:
1156 1969 1240 2044 quod
1267 1968 1292 2026 si

193 2074 391 2130 obseruamus
413 2074 508 2130 multo
530 2074 627 2132 maius
649 2074 771 2148 pondus
794 2073 875 2130 inest
897 2072 1038 2147 profecto
1062 2072 1203 2129 omnibus
1226 2069 1292 2128 libri

193 2173 269 2229 illius
290 2174 440 2240 uersibus,
462 2174 572 2249 quibus
596 2175 636 2230 de
660 2191 787 2231 uxorum
808 2174 955 2231 molestiis
978 2175 1041 2248 agit
1066 2181 1169 2248 poeta,
1203 2190 1293 2247 prae·

193 2275 281 2348 cipue
304 2275 385 2334 conf.
407 2293 456 2335 uu.
480 2275 551 2347 603.
576 2274 646 2348 604.
670 2276 705 2333 L.
730 2273 779 2332 88.
804 2275 843 2348 89
866 2275 911 2331 M:

277 2375 416 2434 homines
439 2377 497 2452 ipsi
520 2377 598 2434 lianc
621 2375 677 2434 sibi
699 2376 873 2434 molestiam
895 2376 973 2434 ultro
996 2382 1090 2450 atque
1113 2391 1291 2434 aerumnam

1065 2478 1208 2543 offerunt,

276 2581 391 2638 ducunt
408 2598 527 2653 uxores,
551 2582 734 2656 producunt,
757 2580 867 2655 quibus
888 2579 966 2636 baec
987 2578 1111 2648 faciant,
1135 2579 1255 2636 liberos.

192 2679 428 2739 Animaduertas
451 2683 543 2749 enim,
572 2682 808 2740 Macedonicum
831 2682 913 2739 illurn
936 2698 1097 2739 censorem
1119 2698 1201 2738 anno
1223 2679 1290 2753 ipso

193 2777 269 2854 623(
275 2797 328 2854 131
355 2782 521 2849 censuisse,
543 2777 593 2838 ‘ut
615 2799 721 2839 ornnes
744 2791 928 2858 cogerentur
949 2784 1062 2840 ducere
1083 2799 1195 2838 uxores
1218 2779 1291 2836 libe·

194 2900 294 2939 rorum
318 2884 520 2940 creandorum
542 2878 649 2938 causa'
669 2891 702 2939 ut
727 2883 790 2941 Liu.
814 2901 875 2958 per.
891 2897 929 2956 59
954 2883 1061 2940 tradit:
1086 2882 1159 2940 dein
1173 2881 1290 2958 pergit:

197 2979 324 3040 ‘Exstat
347 2985 446 3041 oratio
462 2984 528 3040 eius
545 3001 636 3058 quam
651 2984 804 3057 Augustus
826 2982 950 3051 Caesar,
967 3001 1034 3040 curn
1051 2985 1091 3039 de
1113 2983 1291 3041 maritandis

293 3210 313 3275 ¹)
336 3182 466 3260 Censores
495 3212 572 3260 ambo
603 3227 671 3261 anno
701 3209 813 3276 6231131
849 3210 1002 3260 Aemiliano
1032 3209 1130 3259 inimici
1161 3210 1234 3258 suere
1265 3215 1291 3257 et

192 3297 318 3346 Metellus
338 3299 527 3348 Macedonicus
551 3306 576 3348 et
596 3300 628 3363 Q.
649 3301 789 3364 Pompeius
808 3301 898 3349 Rusns
923 3298 1060 3365 (apophth.
1082 3297 1150 3363 Scip.
1170 3297 1229 3348 min.
1251 3294 1290 3362 8):

190 3387 279 3451 itaque
299 3388 377 3436 etiarn
396 3389 484 3453 Lupus
511 3389 543 3437 ab
569 3388 610 3437 his
635 3389 756 3454 princeps
783 3395 888 3438 senatus
913 3389 997 3437 lectus
1022 3403 1036 3436 a
1060 3386 1193 3450 Scipionis
1218 3391 1291 3451 parte

192 3491 245 3524 non
271 3483 333 3526 erat.
371 3477 456 3526 Totus
482 3477 550 3526 enirn
580 3485 685 3527 senatus
714 3479 742 3526 in
771 3479 835 3527 duas
859 3484 946 3543 partes
972 3476 1100 3526 discissus
1125 3481 1192 3524 erat:
1222 3474 1290 3524 conf.

191 3564 245 3614 Cic.
266 3565 299 3613 de
319 3581 372 3630 rep.
392 3567 405 3613 Ι
426 3577 472 3627 311
498 3565 581 3630 ‘Quid
601 3567 670 3616 enim
688 3583 773 3632 nepos
788 3607 793 3618 .
806 3604 829 3618 ..
844 3582 896 3615 non
915 3566 1019 3632 quaerit
1038 3580 1083 3613 cur
1100 3563 1128 3612 in
1146 3579 1197 3612 una
1216 3577 1291 3628 repu-

194 3651 264 3701 blica
293 3653 345 3702 duo
375 3661 481 3704 senatus
510 3662 535 3704 et
564 3656 617 3704 duo
642 3671 725 3720 paene
751 3657 802 3705 iarn
821 3655 913 3721 populi
932 3651 1003 3705 sint?
1040 3653 1117 3711 Nam,
1137 3659 1166 3702 ut
1185 3650 1291 3710 uidetis,

194 3755 264 3788 mors
283 3741 324 3791 Ti.
344 3741 457 3791 Gracchi
477 3751 502 3791 et
520 3743 571 3792 iam
591 3751 650 3792 ante
664 3750 720 3794 tota
737 3743 809 3794 illius
823 3743 888 3793 ratio
903 3743 1050 3792 tribunatus
1064 3742 1154 3791 diuisit
1166 3740 1291 3806 populum

189 3844 268 3878 unum
291 3829 318 3879 in
348 3829 413 3879 duas
432 3831 524 3896 partis,
555 3832 748 3882 obtrectatores
776 3840 863 3883 autem
894 3839 921 3883 et
948 3832 1031 3882 inuidi
1050 3831 1181 3897 Scipionis
1209 3829 1291 3879 initiis

191 3916 266 3964 factis
287 3920 349 3968 aP.
370 3917 466 3966 Crasso
487 3925 513 3966 et
531 3922 601 3985 App.
622 3918 745 3979 claudio,
773 3928 864 3972 tenent
888 3921 973 3971 nihilo
998 3921 1083 3970 minus
1109 3918 1163 3969 illis
1182 3918 1290 3968 mortuis

190 4011 295 4054 senatus
324 4006 433 4056 alteram
460 4013 561 4073 partem
592 4008 764 4059 dissidentem
792 4026 807 4060 a
837 4011 914 4061 uobis
942 4016 1048 4060 auctore
1075 4007 1188 4058 Metello
1213 4015 1239 4056 et
1261 4010 1292 4059 P.

190 4091 293 4142 Mucio'
312 4110 334 4144 e.
355 4111 379 4160 q.
400 4112 420 4146 s.
