2998 4744
725 234 761 298 ¹0

199 405 313 469 Athen.
337 406 380 468 ΙΙΙ
399 428 429 486 p.
457 425 515 468 110
537 409 573 481 E,
596 411 643 470 cui
666 391 848 470 contrarium
872 421 919 470 est
941 403 1092 488 καθαρός,
1113 402 1295 490 σητάνειος,

191 510 310 586 (Herm.
334 512 388 574 Gr.
410 513 557 590 Antiquit.
579 513 687 584 11124,
711 509 772 590 ιο),
795 515 883 588 panis
899 516 1040 582 mundus,
1064 516 1217 592 siligineus
1244 518 1297 593 qui

190 622 325 675 uocatur.
369 615 475 690 Agitur
499 633 569 672 mea
590 615 715 689 quidem
737 615 891 674 sententia
913 616 942 672 in
965 616 1021 673 illis
1037 635 1085 676 uu.
1108 618 1149 674 de
1164 636 1294 692 pauper-

190 723 256 773 tate
278 716 401 789 qualem
415 715 588 790 philosophi
605 717 780 773 describunt
796 734 1029 791 saepenumem,
1052 736 1144 792 parco
1160 737 1196 776 ac
1212 719 1296 776 tenui

188 816 271 874 uictu
292 817 334 874 uti
356 825 488 892 cogente
504 817 678 892 eodemque
700 817 862 876 referenda
885 819 979 877 uerba
1002 813 1043 897 (u.
1067 835 1127 894 437
1146 819 1170 878 L
1193 836 1234 894 30
1248 819 1295 893 M)

544 961 606 1000 non
629 943 787 1018 ergastilus
804 961 881 1001 unus

190 1071 298 1145 quibus
321 1069 469 1145 significat
490 1078 586 1146 poeta
607 1071 691 1146 quod
708 1071 818 1130 Graeci
840 1067 993 1133 ἀδουλίαν
1008 1082 1130 1132 uocant.
1153 1069 1292 1147 (Aristot.

189 1171 314 1248 politi
345 1190 375 1246 p.
403 1182 502 1245 1323a
526 1170 553 1231 ά.
584 1171 689 1232 Herm.
723 1173 741 1231 l.
765 1173 783 1231 l.
812 1189 857 1241 12,
885 1173 942 1245 18).
989 1171 1076 1244 Quae
1108 1175 1210 1230 omnia
1234 1193 1294 1251 quo

189 1273 300 1331 rectius
335 1273 548 1348 intellegantur
581 1274 688 1331 audias
711 1273 853 1331 Teletem
886 1293 936 1351 ap.
961 1275 1045 1334 Stob.
1075 1275 1160 1334 floril.
1183 1291 1233 1350 97,
1256 1291 1290 1350 3ι

189 1370 371 1450 (σύγκρισις
397 1370 511 1448 πενίας
539 1371 590 1433 καὶ
611 1371 780 1447 πλούτου);
814 1371 895 1435 Τότε
922 1373 1065 1451 μὲνγὰρ
1092 1373 1124 1438 ἐξ
1153 1371 1295 1450 ἀνάγκης

189 1469 255 1534 ἔδει
283 1470 430 1548 ὑπόδημα
457 1469 541 1550 ἔχειν
574 1471 625 1533 καὶ
658 1475 757 1535 ταῦτα
789 1470 967 1536 ἀκάττυτον
994 1471 1092 1550 ἥλους
1121 1472 1180 1536 οὐκ
1208 1471 1292 1552 ἔχον,

190 1570 260 1635 εἶτα
283 1571 425 1651 χλανίδα,
448 1572 572 1635 παίδων
584 1571 786 1651 ἀκολουθίαν,
809 1571 911 1636 οἰκίαν
934 1573 1074 1651 μεγάλην
1097 1571 1143 1650 εἰς
1165 1573 1203 1636 τὸ
1219 1573 1293 1637 σιἰν-

191 1677 329 1752 δειπνον,
351 1670 439 1750 ὅπως
462 1671 552 1750 ἄρτοι
575 1673 719 1751 καθαροί,
742 1671 827 1750 ὄψον
851 1675 892 1751 μὴ
914 1675 952 1736 τὸ
969 1674 1075 1754 τυχόν,
1099 1672 1190 1751 οἶνος
1213 1673 1292 1752 ἡδύς

191 1794 217 1837 e.
240 1795 269 1852 q.
292 1792 331 1845 s.;
355 1795 434 1853 quae
457 1777 580 1853 quidem
611 1779 653 1834 ad
680 1777 807 1834 diuitem
837 1779 939 1836 omnia
967 1779 1129 1854 pertinent.
1177 1775 1295 1839 Κατάλ·

189 1877 281 1951 ληλοι
303 1875 364 1953 γάρ
386 1875 497 1952 πένητι
520 1874 549 1939 οἱ
574 1874 709 1954 ῥυπαροί
719 1873 753 1954 ¹),
776 1875 921 1959 πλουσίῳ
944 1877 979 1940 δὲ
1001 1875 1032 1939 oi
1052 1880 1220 1954 παντελῶς
1242 1898 1295 1940 κα-

190 1974 283 2053 θαροί
313 1989 348 2036 ut
370 1981 518 2038 Artemid.
543 1979 620 2053 169
649 1981 789 2055 explicat.
835 1980 929 2038 Porro
957 1981 982 2036 si
1004 1981 1128 2056 quidem
1149 1981 1206 2039 illis
1228 2000 1295 2039 uer·

189 2080 272 2136 sibus
305 2081 344 2136 de
366 2089 548 2156 paupertate
580 2081 678 2156 agitur
703 2082 743 2137 de
772 2099 832 2156 qua
860 2099 955 2156 saepe
987 2082 1095 2139 dicitur
1116 2079 1294 2158 ἀναγκάζει,

190 2175 328 2255 βιάζεται
349 2177 447 2256 (Stob.
471 2180 555 2239 floril.
580 2196 629 2254 95,
652 2196 697 2240 11.
722 2179 771 2254 ρο,
792 2181 853 2254 22),
874 2181 1043 2257 accipiendi
1064 2191 1147 2240 certo
1171 2192 1241 2242 sunt
1261 2192 1295 2240 ut

189 2282 274 2340 locus
298 2282 465 2340 communis
488 2283 572 2357 quod
594 2283 785 2340 accusatiuus
807 2284 902 2341 uerbo
924 2285 1018 2358 coegit
1037 2285 1174 2342 obiectus
1197 2285 1294 2342 nullus

190 2391 252 2448 est,
286 2400 385 2459 neque
412 2384 573 2460 quicquam
606 2383 778 2440 eiciendum
807 2385 865 2440 sed
891 2403 954 2442 non
980 2384 1052 2440 nihil
1081 2385 1294 2460 corrigendum

190 2501 260 2541 esse
284 2485 420 2542 arbitror.
464 2485 564 2541 Antea
585 2502 658 2541 uero
682 2503 794 2541 moneo
817 2493 943 2559 poetam
965 2502 1078 2558 panem
1100 2485 1181 2542 illum
1202 2486 1293 2542 uilem

189 2585 412 2659 significantem
434 2587 477 2644 uti
493 2585 587 2661 figura
610 2603 701 2661 quam
722 2583 758 2646 ἓν
780 2581 832 2646 διὰ
855 2585 945 2646 δυοῖν
968 2585 1072 2642 dicunt
1087 2587 1291 2662 grammatici:

189 2687 304 2742 etenim
330 2686 425 2743 uerba
437 2685 531 2763 farre
562 2706 677 2744 aceroso
700 2695 731 2744 et
754 2689 908 2744 decumano
932 2695 1013 2762 pane
1046 2687 1087 2744 ad
1113 2687 1196 2744 idem
1225 2705 1293 2762 per·

188 2787 296 2845 tinent.
344 2787 482 2860 Quorum
513 2796 650 2846 extrema
683 2799 716 2845 ut
737 2807 861 2864 prorsus
891 2788 1049 2862 intellegas
1072 2789 1157 2862 legas
1180 2787 1292 2846 Athen.

189 2887 235 2944 III
256 2906 286 2963 p.
314 2904 371 2946 110
393 2887 436 2948 D:
471 2883 610 2948 Πλάτων
639 2886 674 2949 δὲ
697 2884 715 2947 ὁ
738 2885 980 2968 κωμῳδιοποιὸς
1006 2885 1041 2948 ἐν
1064 2883 1161 2948 Νυκτὶ
1188 2888 1293 2966 μακρᾷ

188 2986 266 3064 τοὺς
289 2985 480 3064 μεγάλους
503 2983 622 3064 ἄρτους
644 2985 695 3048 καὶ
718 2984 882 3065 ῥυπαροὺς
897 2985 1052 3064 Κιλικίους
1067 2984 1218 3065 ὀνομάζει
1240 2985 1293 3051 διὰ

187 3107 313 3151 τουτων

494 3188 567 3272 Κᾲθ’
589 3187 666 3267 ἧκεν
689 3187 808 3268 ἄρτους
828 3187 1005 3268 πριάμενος

272 3305 312 3383 μὴ
335 3309 401 3369 τῶν
423 3293 681 3386 καθαρύλλων
704 3306 787 3372 ἀλλὰ
812 3307 1006 3386 μεγάλους
1031 3307 1192 3385 Κιλικίους.

188 3410 254 3468 lam
285 3429 425 3469 escarum
457 3414 629 3472 nominibus
664 3415 742 3490 aptis
775 3414 919 3472 restitutis
952 3414 997 3472 sic
1029 3414 1121 3470 uelim
1153 3412 1210 3470 hos
1242 3431 1291 3468 uu.

189 3529 359 3588 scripseris:

273 3647 351 3705 quae
374 3630 485 3705 gallam
508 3631 613 3690 bibere
636 3642 667 3690 et
687 3651 776 3708 rugas
799 3635 974 3690 conducere
995 3632 1109 3690 uentris

272 3730 350 3788 farre
374 3749 512 3800 aceros0,
535 3734 621 3803 oleis,
644 3735 814 3793 decumano
837 3751 927 3810 pane,
952 3734 1072 3790 cumino

275 3831 356 3906 cogit

186 4011 386 4022 -u--n-——n—

222 4127 224 4132 ¹
291 4142 310 4211 ¹)
331 4144 372 4196 Sc.
393 4142 481 4209 ἄρτοι.
