2980 4752
323 1251 383 1323 IV.
416 1251 486 1323 DE
512 1250 844 1325 ARGVMENTO
872 1250 1003 1323 LIBRI
1028 1249 1122 1324 ΧΙΠ.

273 1473 311 1534 U·
337 1488 397 1549 377
423 1473 449 1531 L
475 1490 511 1547 ¹4
535 1474 568 1532 M

257 1577 330 1631 adde
353 1575 511 1649 Syracusis
533 1577 599 1633 sola
619 1575 799 1650 pasceolum
820 1575 1030 1650 matulamque

171 1677 224 1733 ubi
247 1678 339 1733 codd.
353 1677 518 1750 pasceolum
542 1677 697 1743 alulamen,
721 1677 829 1734 Dousa
845 1677 1068 1750 pasceolumque
1091 1682 1119 1730 e!
1139 1676 1268 1736 alutam:

172 1779 231 1835 sed
253 1779 364 1835 alutam
387 1779 471 1835 iuxta
490 1780 656 1852 pasceolum
681 1781 813 1854 positam
843 1788 963 1837 tantum
987 1779 1026 1836 de
1047 1779 1176 1835 materia
1199 1779 1272 1835 corii

171 1878 307 1954 intellegi
329 1887 443 1954 potest,
468 1897 536 1937 cum
559 1881 675 1937 debeat
708 1882 748 1937 de
779 1893 815 1938 re
849 1881 984 1957 quadam
1012 1898 1051 1938 ex
1073 1879 1155 1937 aluta
1179 1878 1271 1948 facta,

172 1980 259 2038 uelut
281 1982 321 2036 de
343 1981 488 2038 sandaliis
497 1978 520 2055 ¹)
544 1981 700 2041 similibus.
746 1983 838 2038 Alata
860 1981 979 2039 litterae
1007 1988 1113 2056 aperte
1135 1999 1174 2038 ex
1196 1980 1270 2036 lem·

171 2089 271 2140 mate:
298 2082 449 2155 pasceolus
481 2100 521 2138 ex
553 2083 636 2139 alula
667 2084 801 2139 sacculus
833 2084 1027 2158 irrepserunt.
1079 2080 1189 2156 Agitur
1210 2080 1270 2138 hoc

172 2199 263 2239 uersu
297 2183 337 2238 de
361 2182 484 2239 homine
517 2183 747 2253 delicatissimo
778 2202 869 2259 quem
890 2183 1025 2242 Lucilius
1059 2183 1136 2240 ludit
1168 2201 1270 2241 arces·

172 2292 332 2340 senteme
367 2283 442 2340 locis
466 2282 639 2358 longinquis
670 2285 779 2358 quibus
813 2284 928 2359 optime
961 2301 1103 2360 quaeque
1137 2283 1190 2340 fiat
1219 2301 1268 2340 res

172 2382 409 2458 simplicissimas
432 2383 518 2440 uelut
540 2384 640 2440 soleas
663 2385 850 2459 marsupium
865 2384 1020 2453 matulam,
1042 2385 1173 2440 sirecte
1195 2402 1267 2441 con-

172 2487 244 2542 ieci:
277 2493 360 2542 certe
393 2484 465 2542 nihil
498 2485 600 2543 adhuc
627 2485 781 2561 prolatum
807 2493 863 2554 est,
901 2486 998 2559 magis
1032 2486 1117 2560 quod
1137 2485 1270 2559 placeat.

174 2586 283 2644 Talem
316 2587 470 2651 hominem
502 2588 648 2645 describit
670 2586 826 2662 Theophr.
848 2585 929 2646 char.
955 2603 989 2643 21
1017 2581 1139 2660 Ἀμέλει
1161 2583 1197 2646 δέ
1219 2582 1271 2646 καὶ

172 2683 308 2760 πίθηκον
331 2685 447 2762 θρέψαι
470 2684 576 2762 δεινὸς
599 2684 651 2747 καὶ
673 2684 802 2763 τίτυρον
830 2683 1010 2761 κτήσασθαι
1032 2683 1084 2746 καὶ
1107 2683 1271 2760 Σικελικὰς

172 2784 366 2862 περιστερὰς
384 2785 435 2846 καὶ
450 2784 660 2862 δορκαδείους
676 2782 903 2863 ἀστραγάλους
927 2783 978 2846 καὶ
1001 2782 1183 2861 Θουριακὰς
1206 2785 1271 2846 τῶν

143 2875 148 2886 ’
173 2884 382 2961 στρογγύλων
403 2884 565 2962 ληκύθους
591 2885 642 2947 καὶ
665 2885 836 2963 βακτηρίας
863 2886 928 2947 τῶν
949 2886 1089 2948 σκολιῶν
1115 2884 1150 2947 ἐκ
1174 2882 1273 2948 Λακε-

173 2984 327 3062 δαίμονος
355 2985 406 3047 καὶ
437 2983 573 3048 αὐλαίαν
598 2983 741 3062 ἔχουσαν
762 2983 897 3063 Πέρσας
929 2983 1176 3063 ἐνυφασμένους
1205 2987 1270 3047 κτλ.

174 3087 294 3146 Tamen
313 3089 373 3147 hoc
394 3089 470 3147 libro
495 3107 556 3146 non
579 3090 679 3162 agitur
700 3090 740 3145 de
763 3089 935 3147 hominibus
958 3089 1068 3147 talibus
1092 3089 1133 3148 ad
1161 3089 1271 3165 pusilla

173 3189 351 3259 ambitiosis,
375 3191 432 3246 sed
455 3199 489 3246 ut
510 3210 528 3246 e
552 3191 660 3247 ceteris
677 3189 855 3264 fragmentis
871 3190 1005 3247 comitur
1025 3191 1066 3246 de
1083 3191 1271 3266 sumptuosis

149 3299 151 3303 ’
174 3298 204 3346 et
228 3291 401 3348 luxuriosis:
425 3292 530 3366 itaque
553 3309 660 3348 uersus
683 3291 732 3348 ille
754 3292 888 3366 pertinet
910 3292 952 3348 ad
974 3290 1135 3349 helluones
1158 3291 1271 3348 delica-

175 3392 281 3448 tissimi
304 3391 428 3460 fastidii,
463 3393 516 3466 qui
538 3401 617 3450 terra
650 3393 786 3467 marique
820 3392 1004 3466 conquirunt
1036 3391 1272 3466 exquisitissima

176 3489 269 3567 (conl.
292 3492 390 3551 Uarro
415 3501 472 3552 sat.
496 3508 555 3566 403
581 3494 605 3550 B
629 3493 740 3551 Athen.
758 3493 814 3549 Vll
836 3511 865 3567 p.
883 3489 942 3567 278
957 3491 1010 3567 D),
1033 3493 1140 3569 quales
1156 3491 1272 3550 Arche·

281 3714 302 3784 ι)
320 3717 408 3766 Aliter
421 3718 500 3782 Quid.
514 3733 537 3770 a.
552 3719 707 3782 a.111271:
731 3717 794 3768 ‘Pes
806 3717 892 3767 malus
910 3717 937 3767 in
955 3717 1033 3768 niuea
1052 3733 1156 3783 semper
1174 3717 1274 3768 celetur

177 3804 285 3855 aluta’:
314 3805 366 3854 dici
385 3805 533 3856 sandalium
561 3806 614 3856 hoc
641 3807 703 3856 loco
727 3807 795 3855 sicut
813 3808 891 3858 Mart.
910 3807 938 3855 II
958 3818 1002 3868 29,
1021 3806 1037 3856 8
1056 3807 1271 3869 cognoscimuse

176 3908 244 3943 uoce
258 3902 319 3958 pes,
338 3894 404 3944 sicut
421 3895 439 3946 l.
453 3894 472 3946 l.
486 3912 511 3947 u.
525 3907 575 3945 202
597 3894 746 3961 ‘Paruaque
761 3895 878 3944 sinceras
891 3894 964 3944 uelat
976 3895 1048 3944 aluta
1067 3894 1160 3958 genas'
1172 3895 1272 3945 debere

176 3981 299 4045 intellegi
330 3983 461 4049 splenium
491 3984 563 4048 quod
583 3985 661 4036 Mart.
680 3985 708 4033 11
727 3995 770 4044 29,
793 3995 824 4032 10
849 3983 921 4042 dicit,
949 3983 1081 4033 indicatur
1098 3999 1167 4034 uoce
1181 4001 1272 4048 genas

178 4071 309 4137 apposita.
345 4070 427 4121 Aluta
445 4071 527 4134 igitur
546 4071 583 4120 nil
603 4072 654 4120 nisi
673 4071 773 4121 corium
793 4071 876 4121 molle
896 4079 922 4121 et
940 4071 1081 4122 delicatum
1103 4071 1191 4135 posita
1215 4072 1273 4122 sola

176 4157 312 4221 significat.
