2980 4752
736 201 776 275 56

206 391 247 448 de
257 390 479 466 pulchritudine
491 391 621 448 duarum
636 389 816 449 seminarum
832 408 850 447 a
862 389 937 446 loue
952 396 1162 464 corruptarum
1176 390 1307 446 deorum

206 489 314 565 aliquis
336 519 377 532 -
399 490 431 548 id
454 490 534 548 enirn
556 490 587 546 in
609 490 685 547 libro
708 489 722 545 Ι
750 489 880 546 maxime
907 496 955 545 est
981 488 1143 546 uerisimile
1168 519 1202 528 —
1228 488 1308 547 haec

204 590 338 668 loquitur

701 700 734 750 ut
758 694 946 750 contendere
969 711 1094 768 possem

354 792 542 852 Thestiados
564 792 671 851 Ledae
694 801 786 871 atque
810 794 943 852 Ixionies
965 793 1116 853 alochoeo

206 895 308 952 eidem
326 894 458 970 Apollini
478 895 644 954 tribuamus
667 896 819 954 recusanti
841 895 955 971 pulchri
978 913 1160 970 cognomen.

204 996 352 1072 Apollinis
384 997 443 1054 ista
469 999 510 1055 de
537 998 666 1055 deorum
687 999 918 1073 cognominibus
942 999 1093 1074 expositio
1123 1016 1186 1075 quo
1212 1000 1308 1056 modo

205 1100 247 1156 ad
269 1097 347 1174 Lupi
367 1098 520 1174 interitum
542 1099 696 1174 pertineat
722 1098 856 1174 profiteri
884 1100 990 1158 melius
1013 1109 1060 1158 est
1083 1100 1194 1158 nesciri
1216 1118 1309 1175 quarn

205 1199 291 1255 uanis
319 1197 567 1258 hariolationibus
593 1199 756 1259 molestum
786 1200 849 1257 fieri
880 1201 1001 1276 legenti.
1045 1200 1193 1276 Apollinis
1220 1201 1310 1275 igitur

205 1299 359 1356 sententia
392 1298 432 1355 de
455 1297 532 1374 Lupi
561 1300 685 1358 interitu
717 1318 798 1376 quae
826 1301 915 1359 fuerit
946 1301 1037 1376 plane
1070 1301 1218 1358 incertum
1251 1309 1309 1370 est,

206 1398 263 1456 nisi
288 1398 367 1458 torte
389 1394 446 1460 τὸν
469 1395 665 1462 λυκοκτόνον
688 1397 763 1462 θεόν
787 1402 891 1478 Lupos
914 1419 1021 1459 omnes
1043 1403 1222 1478 perdendos
1238 1419 1310 1459 cen·

206 1500 303 1558 suisse
336 1501 470 1559 coniciat
506 1502 671 1578 quispiam:
714 1511 798 1561 certe
837 1504 869 1561 in
906 1504 987 1562 istud
1021 1501 1155 1561 Cornelii
1187 1502 1311 1561 Lentuli

206 1602 361 1678 agnomen
394 1600 488 1684 (cons.
512 1606 694 1683 Marquardt
715 1608 827 1666 Roem.
847 1607 974 1664 Alterth.
999 1605 1027 1661 V
1054 1621 1064 1662 1
1091 1623 1120 1681 p.
1142 1618 1177 1680 17
1201 1612 1233 1661 et
1258 1600 1311 1679 18)

205 1705 318 1780 aliquid
340 1707 447 1765 lusisse
469 1707 599 1766 Lucilius
622 1710 777 1783 putandus
801 1716 859 1777 est,
884 1708 1020 1765 similiter
1041 1714 1135 1782 atque
1155 1705 1230 1765 Hor.
1252 1711 1310 1762 sat.

206 1805 220 1862 l
243 1820 271 1882 7,
295 1822 354 1880 33:
378 1802 455 1865 ‘Per
475 1825 614 1884 magnos
633 1810 737 1876 Brute,
761 1810 839 1866 deos
862 1817 892 1866 te
915 1807 988 1878 Oro,
1014 1808 1065 1884 qui
1086 1824 1176 1882 reges
1199 1822 1311 1864 consu·

207 1905 265 1963 eris
289 1907 404 1978 tollere,
428 1926 482 1966 cur
501 1928 563 1967 non
581 1909 673 1967 Hunc
684 1911 803 1985 Regem
826 1905 971 1984 iugulas?
994 1908 1131 1985 Operum
1143 1908 1212 1977 hoc,
1236 1907 1311 1965 mihi

209 2007 312 2077 crede,
335 2016 456 2068 tuorum
480 2005 550 2072 est'.

207 2106 271 2164 Iam
297 2109 482 2168 accedamus
505 2111 547 2168 ad
576 2110 653 2168 alius
676 2112 727 2169 dei
751 2111 922 2170 orationem
944 2128 996 2170 uu.
1021 2094 1146 2187 5‘sqq.:

292 2207 412 2267 Uellem
432 2211 562 2270 concilio
585 2220 731 2282 uestrum,
754 2214 838 2288 quod
860 2212 960 2270 dicitis
983 2211 1055 2270 olim

293 2310 461 2370 caelicolae
484 2307 623 2391 [factum
648 2309 776 2392 uellem]
801 2313 998 2373 adfuissemu'
1021 2313 1120 2389 priore

293 2412 434 2472 concilio·

208 2513 376 2572 tribuerunt
396 2515 534 2590 plerique
555 2515 631 2592 Ioui,
659 2510 773 2574 ‘minus
795 2517 875 2574 bene
909 2533 978 2574 cum
1005 2515 1055 2572 uix
1082 2533 1217 2590 unquam
1239 2532 1310 2572 con·

207 2613 273 2670 cilia
294 2616 424 2673 deorum
456 2634 530 2691 rege
561 2616 692 2674 absente
723 2616 828 2674 habita
856 2623 1064 2673 memorentur
1075 2609 1093 2684 ³,
1128 2624 1163 2673 ut
1183 2614 1312 2673 Mueller

206 2726 291 2775 recte
314 2718 453 2777 adnotat.
499 2717 625 2792 Semper
647 2720 732 2794 apud
749 2718 917 2776 Homerum
943 2718 1070 2774 domurn
1092 2717 1174 2774 Iouis
1197 2734 1311 2774 conue-

208 2818 296 2876 niunt
329 2817 515 2876 immortales
550 2819 591 2875 ad
624 2819 871 2877 deliberandum:
904 2815 1012 2893 A495
1036 2814 1068 2878 Δ
1097 2834 1106 2874 1
1137 2813 1163 2877 Θ
1188 2832 1205 2889 3
1230 2813 1258 2876 Υ
1281 2815 1310 2876 6.

208 2935 229 2978 α
253 2917 291 2975 26
315 2936 330 2979 ε
353 2934 382 2991 3.
426 2919 553 2977 Homeri
575 2921 749 2995 exemplum
771 2938 839 2978 curn
862 2928 956 2995 poeta
979 2920 1046 2977 sine
1069 2919 1164 2976 dubio
1187 2923 1311 2975 secutus

208 3020 256 3086 sit,
280 3020 343 3077 ueri
374 3020 556 3077 simillimum
579 3029 626 3077 est
648 3021 772 3078 linxisse
803 3040 872 3079 eum
898 3022 972 3078 illud
1000 3016 1114 3096 prius¹)
1149 3018 1311 3077 concilium

208 3122 249 3179 ad
271 3121 426 3195 exemplar
439 3120 596 3197 Odysseas
619 3122 685 3179 libri
706 3123 731 3190 Ι,
753 3120 804 3179 ubi
827 3123 908 3182 solus
929 3122 1019 3179 abest
1042 3121 1213 3195 Neptunus,
1237 3121 1311 3176 dum

206 3223 238 3278 in
262 3220 427 3296 Aethiopia
449 3231 584 3280 moratur
604 3223 708 3297 procul
733 3220 864 3298 Olympo
889 3240 917 3282 u.
943 3221 981 3278 26

291 3317 355 3383 ἔνθ’
380 3317 436 3394 ὅγε
459 3319 594 3398 τέρπετο
618 3319 700 3383 δαιτὶ
723 3317 922 3398 παρήμενος·
945 3317 976 3382 οἱ
999 3319 1035 3382 δὲ
1057 3319 1096 3396 δὴ
1120 3316 1213 3382 ἄλλοι

292 3418 400 3497 Ζηνὸς
424 3419 470 3484 ἐνὶ
493 3419 681 3498 μεγάροισιν
703 3419 876 3498 Ὀλυμπίου
900 3418 1014 3498 ἀθρόοι
1035 3418 1129 3499 ἦσαν.

212 3589 410 3598 -ι-ὺ-ῇ-

312 3677 330 3742 ¹)
349 3679 436 3728 Recte
455 3678 516 3728 Van
535 3678 647 3728 Heusde
673 3679 742 3730 stud.
767 3679 823 3728 crit.
846 3679 874 3727 in
891 3678 978 3728 Lucil.
1005 3693 1030 3742 p.
1054 3678 1103 3739 164
1128 3677 1162 3727 ad
1180 3676 1311 3726 librumI

209 3767 310 3818 rettulit
327 3767 377 3818 inc.
397 3783 422 3816 u.
440 3767 507 3829 1163
526 3769 549 3816 L
566 3778 615 3830 150
628 3769 670 3819 M:
690 3766 820 3817 ‘Concilio
839 3767 945 3832 antiquo
959 3766 1062 3832 sapiens
1076 3767 1116 3816 uir
1132 3765 1201 3815 solu’
1221 3762 1311 3823 suisti,

209 3856 255 3906 ubi
273 3857 382 3907 Seruius
401 3859 509 3906 anticus
539 3857 652 3922 explicet
675 3859 764 3921 prior,
792 3859 842 3921 qui
859 3857 1005 3920 praecedit
1021 3871 1089 3916 eum,
1113 3858 1163 3920 qui
1176 3863 1311 3919 praesens

211 3952 260 3994 est.
297 3945 351 3994 Sed
369 3944 438 3994 male
461 3960 509 4010 pro
528 3947 575 3994 uir
596 3945 686 4010 posuit
708 3947 758 3994 uix
776 3960 829 3993 non
846 3943 1015 3992 considerans
1035 3950 1062 3992 et
1079 3943 1149 4008 apud
1167 3941 1311 3991 Lucianum

209 4035 267 4084 Iou.
286 4039 352 4095 trag.
374 4043 405 4097 15
430 4034 521 4083 Iouem
545 4033 613 4082 deos
637 4031 738 4098 alloqui
762 4031 862 4098 ἄνδρες
882 4028 941 4084 θεοί
965 4036 990 4080 et
1015 4031 1086 4095 apud
1105 4029 1232 4080 Senecam
1252 4044 1312 4094 apo·

208 4121 290 4172 coloe.
309 4132 325 4182 9
342 4121 436 4171 Ianum
453 4129 554 4188 patrem
573 4122 625 4171 dici
644 4121 776 4186 hominem
794 4118 961 4188 quantumuis
981 4117 1091 4170 uastum.

546 4664 695 4716 A
