2980 4752
712 175 750 247 85

179 361 357 436 prouinciae
399 361 517 419 etiamsi
548 364 712 436 proconsul
748 363 797 420 uel
830 363 934 420 consul
974 371 1022 420 est
1056 381 1280 438 saepenumero

174 467 300 535 praetor
314 461 437 519 dicitur:
454 463 534 522 conf.
551 463 725 520 Mommsen
737 463 844 523 Roem.
857 463 982 522 Staatsr.
994 464 1008 520 1
1020 483 1047 539 p.
1063 480 1078 520 2
1083 480 1132 538 30.
1149 464 1284 524 *Accedit

182 562 278 620 aliud.
323 562 449 619 Praetor
472 564 554 620 enim
582 565 665 620 idem
693 564 862 639 significare
886 565 970 640 quod
1002 567 1068 621 dux
1098 566 1284 623 uocabulum

181 673 307 721 ueteres
341 681 435 740 saepe
471 674 501 722 et
533 667 629 723 nostri
664 667 779 724 saeculi
811 667 865 723 uiri
899 667 982 724 docti
1015 667 1121 724 dixere
1154 684 1283 742 quorum

181 766 360 822 testimonia
394 767 521 823 contulit
547 766 722 824 Mommsen
744 768 761 826 l.
785 768 802 827 l.
826 786 854 842 p.
881 783 929 842 71·
986 767 1048 824 Sed
1081 768 1284 826 Aemilianum

181 866 315 922 maxime
349 867 485 923 omnium
517 876 691 940 praetorem
725 867 912 943 appeliatum
940 885 1011 924 esse
1042 877 1283 926 consentaneum

182 977 244 1036 est,
267 971 350 1044 quod
373 968 531 1025 cohortem
547 969 732 1043 praetoriam
753 969 834 1026 bello
851 968 1038 1028 Numantino
1054 969 1159 1027 consul
1176 971 1283 1028 iterum

181 1070 324 1127 condidit
354 1071 481 1146 primus:
516 1070 596 1128 conf.
624 1070 706 1128 Fest.
737 1089 784 1146 ep.
816 1090 845 1146 p.
870 1087 945 1145 223:
979 1066 1151 1128 ‘Praetoria
1173 1072 1283 1128 cohors

180 1180 233 1229 est
264 1172 346 1229 dicta
377 1172 462 1248 quod
496 1191 514 1229 a
549 1179 692 1245 praetore
725 1189 789 1229 non
823 1172 1013 1231 discedebat.
1064 1171 1165 1248 Scipio
1198 1173 1280 1229 enim

180 1272 343 1331 Africanus
366 1273 478 1348 primus
502 1272 698 1329 fortissimum
721 1290 873 1348 quemque
896 1274 1020 1347 delegit,
1056 1275 1106 1350 qui
1129 1274 1168 1331 ab
1191 1292 1229 1332 eo
1252 1275 1282 1332 in

181 1374 264 1431 bello
297 1392 361 1431 non
395 1368 604 1431 discederent'
633 1391 659 1433 e.
692 1392 721 1449 q.
746 1393 769 1432 s.
795 1367 939 1450 (Appian.
975 1374 1052 1434 Iber.
1077 1372 1140 1450 84).
1194 1375 1283 1433 Idem

183 1477 284 1552 Scipio
317 1476 427 1534 dicitur
450 1476 524 1532 libro
554 1475 607 1544 XI,
641 1476 692 1533 ubi
726 1477 765 1532 de
800 1476 890 1534 rebus
917 1476 1091 1551 Hispanicis
1123 1478 1222 1553 agitur
1253 1497 1282 1538 u.

182 1577 246 1650 363
270 1578 294 1634 L
318 1578 336 1634 ά
360 1577 393 1634 Μ

269 1687 453 1754 ...praetor
475 1687 581 1736 noster
603 1678 713 1747 adbuc,
738 1696 829 1754 quam
849 1660 974 1755 spurcos
999 1696 1051 1736 ore
1075 1679 1160 1754 quod
1182 1678 1282 1736 omnis

333 1789 418 1837 extra
441 1789 542 1837 castra
563 1789 597 1837 ut
618 1781 727 1837 stercu'
753 1780 832 1837 foras
856 1780 947 1838 eiecit
971 1781 1012 1837 ad
1033 1797 1126 1836 unum

91 1942 104 1957 ,
184 1881 273 1954 Quae
295 1883 418 1958 quidem
441 1882 537 1940 uerba
558 1899 626 1939 cum
649 1883 778 1958 Appian.
795 1881 839 1941 Ib.
857 1882 895 1955 85
917 1876 1039 1941 Ἐλθὼν
1061 1879 1097 1942 δέ
1120 1877 1281 1956 ἐμπόρους

184 2000 219 2043 τε
243 1978 368 2059 πάντας
391 1980 544 2056 ἐξήλαυνε
560 1980 611 2044 καὶ
634 1980 764 2059 ἑταίρας
787 1980 838 2042 καὶ
854 1979 982 2057 μάντεις
1005 1980 1057 2042 καί
1080 1979 1178 2057 θύτας
1199 1991 1281 2040 recte

183 2083 526 2142 contulitBouterweck
548 2087 588 2141 de
611 2085 706 2142 Lucil.
731 2085 811 2143 satir.
834 2103 863 2159 p.
888 2084 916 2154 b,
940 2086 992 2161 qui
1014 2093 1118 2142 tamen
1143 2086 1182 2141 de
1204 2101 1282 2142 uoce

177 2191 305 2260 praetor
335 2186 437 2244 omisit
471 2203 639 2261 quaerere:
678 2186 753 2242 dicit
786 2203 855 2242 esse
888 2203 926 2243 ea
962 2187 1057 2243 uerba
1091 2186 1281 2263 querentium

182 2287 358 2363 Scipionem
381 2288 504 2344 omnina
528 2297 631 2344 scorta
654 2304 762 2343 omnes
785 2288 964 2344 sacerdotes
992 2296 1024 2344 et
1046 2287 1222 2363 haruspices
1243 2305 1281 2344 ex

181 2390 288 2447 castris
321 2389 456 2457 eiecisse,
490 2396 571 2446 tacet
604 2389 644 2444 de
677 2387 822 2463 scriptura
851 2405 994 2445 uersuum
1017 2383 1125 2465 (codd.
1149 2398 1280 2462 spurcus,

181 2508 256 2549 corr.
281 2484 327 2566 L).
373 2490 503 2566 Spurcus
534 2507 587 2547 ore
609 2497 738 2547 uocatur
766 2505 877 2564 ganeo,
908 2497 942 2547 ut
965 2488 1025 2546 Cic.
1049 2490 1081 2546 in
1105 2488 1164 2548 Pis.
1191 2504 1224 2562 ι3
1250 2490 1281 2546 in

181 2589 267 2649 Uerr.
300 2591 345 2647 111
381 2606 416 2663 23
453 2598 506 2648 aut
540 2591 661 2648 fellator
694 2591 986 2668 sordidissimaeque
1025 2591 1156 2648 libidinis
1189 2589 1280 2647 bomo

181 2689 285 2758 (Mart.
309 2691 352 2748 XI
374 2706 415 2764 30
443 2690 565 2751 Petrou.
590 2707 618 2764 q.
650 2686 718 2767 21);
753 2692 847 2749 uerba
883 2700 955 2750 sunt
990 2692 1143 2750 laudantis
1177 2691 1280 2767 potius

181 2793 364 2868 Scipionem,
389 2811 467 2868 quae
490 2793 532 2849 ita
556 2792 620 2849 iere
644 2793 849 2869 suppleueris:
886 2789 989 2874 ‘Nulla
1016 2812 1048 2850 re
1071 2793 1168 2869 magis
1190 2793 1280 2849 rebus

181 2894 292 2951 nostris
327 2893 445 2951 afflictis
478 2894 591 2969 profuit
625 2903 749 2968 praetor
781 2889 900 2952 noster'
923 2914 950 2953 e.
975 2913 1002 2971 q.
1028 2912 1050 2951 s,
1095 2895 1178 2951 Illam
1206 2911 1280 2950 uero

182 3003 352 3052 castrorum
363 2995 575 3071 purgationem
589 2994 718 3071 amplius
735 2995 877 3053 describit
895 2994 971 3054 Plut.
984 2995 1130 3071 apophtb.
1148 2995 1280 3070 Scipion.

181 3093 252 3151 min.
279 3093 313 3150 16
339 3095 403 3153 Liu.
426 3114 490 3169 per.
514 3109 551 3170 57
573 3089 597 3173 ¹)
630 3094 699 3154 Ual.
727 3095 810 3156 Max.
834 3095 914 3170 117,
940 3111 950 3150 1
976 3095 1034 3154 alii.
1078 3095 1129 3152 Ad
1152 3096 1281 3152 easdem

181 3213 230 3252 res
253 3194 436 3270 Hispanicas
458 3198 593 3272 pertinet
615 3216 644 3257 u.
670 3213 728 3272 395
753 3197 779 3254 L
802 3196 877 3254 XIV
904 3213 938 3252 12
956 3195 987 3253 M

268 3314 386 3364 cenam,
409 3299 514 3374 inquit,
538 3298 661 3370 nullam,
684 3315 785 3375 neque
807 3299 881 3356 diuo
903 3299 1074 3374 proseciam
1105 3296 1198 3355 ullam

182 3397 340 3472 Appiauus
363 3401 443 3456 enim
466 3400 484 3458 Ι.
507 3401 525 3458 l.
549 3409 664 3461 narrat:
691 3395 811 3461 Ἐλθὼν
840 3397 876 3460 δέ
903 3395 1066 3474 ἐμπόρους
1096 3415 1131 3458 τε
1154 3395 1280 3474 πάντας

182 3495 335 3572 ἐξήλαυνε
368 3497 419 3560 καὶ
441 3496 571 3575 ἑταίρας
605 3497 655 3559 καὶ
684 3496 812 3575 μάντεις
848 3497 899 3559 καὶ
924 3496 1031 3574 θύτας,
1065 3493 1118 3574 οἷς
1146 3496 1198 3559 διὰ
1219 3495 1280 3574 τὰς

182 3597 378 3676 δυσπραξίας
421 3597 450 3661 οἱ
487 3601 682 3677 στρατιῶται
723 3600 880 3677 περιδεεῖς
922 3597 1094 3674 γεγονότες
1138 3597 1280 3675 ἐχρῶντο

182 3702 342 3777 συνεχῶς·
367 3698 401 3777 ἔς
420 3720 454 3762 τε
471 3700 508 3762 τὸ
525 3701 642 3777 μέλλον
659 3699 775 3764 ἀπεῖπε
800 3701 919 3777 μηδὲν
942 3699 1182 3778 ἐσφέρεσθαι
1204 3701 1279 3762 τῶν

182 3801 392 3878 περιστίων
416 3799 473 3878 (sic
492 3804 684 3880 Nipperdey:
709 3800 994 3880 coddrrepmodrv)
1018 3801 1112 3878 μηδὲ
1133 3800 1279 3879 ἱερεῖον

182 3903 222 3981 ἐς
238 3902 430 3980 μαντείαν
452 3903 725 3980 πεποιημένον.
