2998 4744
773 235 812 292 28

243 417 406 494 quominus
428 417 575 476 Muellero
599 427 725 476 auctore
747 437 803 495 pro
826 429 969 495 corrupta
990 437 1067 478 uoce
1089 438 1187 496 ponas
1202 420 1345 496 prohibet

241 520 409 578 litterarum
431 521 654 579 dissimilitudo,
699 519 799 578 Uersu
822 521 919 578 altero
942 523 1031 579 deest
1053 522 1169 598 syllaba
1192 529 1245 579 aut
1267 530 1342 580 ante

241 630 296 679 aut
325 631 394 696 post
417 640 527 680 uocem
558 623 628 679 haec
653 623 850 681 fluctuantem
880 623 911 680 In
946 623 1113 683 codicibus.
1158 621 1247 694 Quae
1270 641 1343 680 cum

240 722 283 779 ita
307 723 375 793 sint,
398 742 427 782 u.
442 725 542 799 priore
564 723 785 780 restituendum
808 741 922 780 nomen
936 723 1067 781 hominis
1079 724 1248 781 doctissimi
1269 740 1341 781 esse

241 824 363 881 uidetur
385 823 489 882 Persio
511 824 624 894 similla
648 833 798 900 sequente
821 825 970 900 particula
986 826 1151 901 quaedam,
1173 843 1253 901 quae
1276 827 1341 883 duo

239 926 364 983 nomina
388 927 568 1002 coniungat:
592 945 697 983 uerum
719 944 788 984 esse
811 926 934 983 confido
957 926 1032 986 hoc:

325 1049 343 1082 a
355 1065 398 1082 a-
409 1066 425 1084 a
437 1049 455 1082 ,1
467 1065 484 1084 ν
507 1044 566 1084 nec
584 1025 779 1085 doctissimis
803 1026 962 1084 Manilium

326 1124 503 1184 Persiumue
525 1128 603 1186 haec
623 1126 725 1202 legere
748 1129 830 1197 nolo,
853 1127 973 1185 lirnium
994 1126 1138 1203 Congium
1161 1129 1242 1188 uolo.

242 1226 311 1299 Qua
334 1230 507 1304 corruptela
529 1231 570 1287 nil
594 1230 782 1306 frequentius
805 1247 877 1287 esse
898 1239 1005 1286 notum
1027 1238 1089 1288 est:
1134 1246 1226 1286 uerae
1249 1229 1345 1304 scrip·

241 1338 329 1388 turae
352 1338 399 1387 est
422 1331 546 1406 propior
568 1331 657 1388 unius
679 1332 796 1388 codicis
818 1331 909 1388 lectio
933 1329 1103 1388 Mannium.
1148 1330 1220 1388 Sine
1246 1330 1342 1387 dubio

241 1425 294 1490 Μ’.
316 1430 476 1488 Manilium
498 1449 561 1491 cos.
586 1450 667 1490 anno
691 1429 829 1506 6051149
861 1432 936 1489 dicit
958 1430 1101 1500 Lucilius,
1134 1439 1234 1507 quem
1249 1432 1345 1489 etiam

242 1531 359 1590 Gellius
382 1532 469 1590 XVII
494 1548 509 1608 7
534 1535 565 1590 in
589 1534 666 1590 uiris
688 1535 817 1608 adprime
839 1534 929 1590 doctri
942 1541 1091 1598 numerat,
1112 1533 1288 1590 notisSImus
1305 1551 1344 1590 ex

242 1633 398 1692 Ciceronis
423 1637 551 1711 scriptis
574 1635 625 1691 ubi
645 1635 801 1692 inducitur
823 1635 868 1692 uir
889 1636 1034 1710 prudens,
1056 1634 1225 1691 Aemiliano
1249 1642 1345 1710 atque

241 1737 307 1794 eius
340 1735 443 1794 amicis
476 1746 507 1795 et
527 1738 680 1795 iucundus
707 1745 738 1794 et
764 1754 852 1794 carus
876 1733 929 1808 (de
952 1753 1014 1810 rep.
1037 1735 1051 1792 I
1078 1732 1139 1810 18),
1170 1736 1240 1793 iurIs
1262 1735 1342 1810 peri-

242 1838 372 1895 fissimus
394 1831 448 1916 (de
462 1855 504 1899 or.
520 1838 534 1894 I
551 1853 609 1894 212
634 1839 674 1894 de
684 1855 748 1913 rep.
764 1837 806 1894 ΠΙ
826 1838 886 1912 17),
909 1845 1034 1911 propter
1055 1837 1199 1893 eximiam
1221 1837 1343 1911 sapien·

242 1939 302 1996 tiae
325 1939 453 2012 gloriam
475 1939 514 1996 ab
538 1938 679 1995 omnibus
704 1939 745 1994 de
760 1938 900 1994 omnibus
916 1937 1007 1995 rebus
1023 1938 1140 1994 consuli
1158 1937 1264 1994 solitus
1288 1933 1344 2010 (de

241 2057 282 2098 or.
306 2040 349 2096 III
376 2035 457 2114 133).
502 2039 550 2096 De
584 2038 671 2096 Iunio
696 2037 805 2113 Congo
838 2039 913 2095 certi
944 2038 1014 2095 nihil
1049 2038 1170 2106 scimus
1204 2039 1290 2114 quod
1312 2040 1345 2096 in

240 2140 365 2197 homine
386 2141 581 2197 mediocriter
602 2141 696 2197 docto
720 2141 825 2196 mirum
847 2157 910 2196 non
933 2148 993 2199 est:
1017 2138 1089 2196 nihil
1109 2140 1190 2196 enim
1206 2141 1247 2197 ad
1268 2157 1343 2209 rem,

241 2241 325 2316 quod
347 2241 479 2298 Rothius
492 2237 514 2316 ¹)
545 2242 629 2316 apud
652 2240 833 2299 Ciceronem
858 2241 974 2298 homini
1002 2241 1183 2298 doctissimo
1210 2258 1248 2296 ex
1270 2257 1343 2297 con·

239 2341 355 2398 iectura
377 2340 424 2398 bis
447 2339 546 2416 Congi
568 2361 682 2400 nomen
703 2343 835 2402 restituit
856 2340 910 2414 (de
926 2360 969 2399 or.
986 2343 1001 2399 I
1018 2340 1077 2415 256
1092 2359 1148 2416 pro
1164 2340 1266 2400 Plane.
1279 2334 1343 2419 58).

240 2439 348 2516 Neque
374 2439 519 2498 Decimus
541 2441 664 2499 Laelius
696 2451 801 2518 potest
831 2444 914 2500 idem
944 2459 1022 2518 esse,
1055 2458 1146 2517 quem
1168 2440 1237 2499 Ual.
1260 2441 1343 2502 Max.

237 2539 281 2598 IV
305 2555 332 2614 7,
359 2555 374 2615 7
409 2542 564 2617 exemplar
597 2543 703 2617 optimi
732 2543 822 2600 amici
854 2544 957 2618 ponit:
993 2541 1146 2599 Ualerium
1170 2559 1288 2600 errasse
1311 2543 1344 2600 in

238 2641 438 2717 praenomine
467 2643 553 2700 dices
588 2644 613 2700 si
639 2644 802 2701 contuleris
831 2642 909 2702 Ueli.
937 2643 1056 2700 Patere.
1079 2643 1107 2699 Il
1134 2658 1200 2719 127.
1244 2643 1344 2701 Mani-

239 2742 350 2799 festum
373 2751 420 2800 est
443 2743 588 2801 Lucilium
612 2743 747 2819 pluribus
769 2761 819 2802 uu.
847 2744 1094 2801 doctissimorum
1117 2745 1158 2802 de
1182 2743 1244 2801 suis
1266 2762 1344 2818 poe-

239 2845 329 2901 matis
358 2844 502 2902 iudicium
530 2863 549 2902 a
574 2862 607 2902 se
629 2846 821 2920 repudiatum
850 2862 1051 2902 memorasse:
1091 2846 1194 2903 amissi
1226 2845 1343 2902 scilicet

239 2943 332 3020 aliqui
355 2953 426 3002 sunt
450 2945 480 3000 in
503 2945 610 3021 quibus
633 2947 673 3002 de
697 2945 858 3002 Aemiliani
879 2946 1043 3022 Rutiliique
1066 2964 1179 3021 magna
1200 2946 1344 3004 doctrina

238 3045 280 3102 nil
302 3046 344 3102 ad
366 3046 501 3103 carmIna
528 3063 582 3104 sua
604 3047 776 3121 pertinente
799 3065 871 3104 eum
894 3049 1081 3105 mentionem
1104 3047 1216 3105 iecisse
1239 3065 1256 3103 e
1280 3045 1342 3108 Cic.

239 3147 280 3203 de
302 3147 352 3203 fin.
374 3145 389 3202 I
413 3160 428 3220 7
453 3145 588 3207 eflicitur.

338 3246 418 3304 Deio
448 3249 488 3305 de
517 3265 631 3322 genere
660 3251 764 3324 poeSIs
791 3267 866 3307 suae
899 3267 968 3307 cum
999 3250 1217 3308 interlocutore
1250 3268 1343 3327 quem

240 3349 297 3406 sibi
318 3349 403 3424 fingit
427 3349 624 3424 colloquitur:
647 3360 681 3407 ut
704 3351 942 3410 inuidiosissima
965 3360 996 3408 et
1022 3353 1142 3427 ingrata
1164 3369 1203 3409 ne
1230 3353 1342 3409 scn'bat

239 3461 345 3507 monet
379 3451 583 3520 aduersarius
616 3459 650 3508 ut
679 3451 843 3509 Trebatius
877 3453 927 3509 ille
949 3452 1148 3521 Horatianus,
1179 3461 1270 3530 atque
1293 3471 1342 3510 res

239 3553 394 3627 praeclare
416 3560 520 3626 gestas
543 3551 676 3609 carmine
707 3553 796 3627 epico
826 3561 859 3610 ut
881 3553 1079 3612 concelebret
1106 3554 1208 3629 potius
1235 3561 1340 3629 poeta,

238 3654 286 3711 hIs
308 3671 360 3713 uu.
382 3651 453 3712 612.
476 3667 534 3728 57²
559 3653 584 3712 L
611 3670 656 3714 ro.
673 3669 710 3729 57
734 3655 767 3713 M

323 3755 405 3815 hunc
427 3755 563 3813 laborem
584 3774 695 3826 sumas,
718 3756 841 3814 laudem
863 3757 913 3832 qui
934 3758 988 3814 tibi
1011 3775 1047 3814 ac
1069 3757 1198 3814 fructum
1220 3757 1311 3814 ierat:

324 3876 472 3933 percrepa
493 3876 628 3934 pugnam
650 3856 768 3933 Popilli,
791 3857 874 3916 iacta
896 3857 1019 3917 Corneli
1041 3875 1128 3918 cane.

342 4071 362 4136 ¹)
382 4074 414 4122 In
436 4075 504 4124 Mus.
525 4073 615 4125 Rhen.
639 4074 708 4124 VIII
727 4089 752 4139 p.
773 4074 835 4138 615.
855 4100 886 4111 -
908 4075 1046 4124 Manilius
1073 4073 1173 4124 ionicus
1202 4088 1217 4122 a
1244 4073 1341 4123 maiore

239 4159 363 4223 (1uv.V1
383 4161 453 4227 243).
