2980 4752
739 214 777 273 55

210 399 300 456 qnam
322 392 373 440 aut
395 402 413 440 a
436 383 535 458 poetis
557 390 609 439 aut
631 401 649 438 a
672 384 881 440 sacerdotibus
904 383 1036 442 inuenio.
1080 383 1171 441 Mitto
1187 383 1308 442 Mercu-

209 483 298 542 rium:
333 502 403 540 eum
436 484 517 540 enim
549 483 709 558 praeconis
742 491 861 540 tantum
896 501 1019 540 munere
1051 483 1100 540 uel
1133 483 1256 540 uiatoris
1278 482 1309 539 in

209 586 337 642 deorum
359 585 492 642 conciliis
516 584 599 657 iungi
620 592 728 641 notum
750 592 807 652 est,
831 602 893 641 non
919 584 1123 643 contionantis
1137 582 1176 657 ’λε
1204 585 1309 660 itaque

207 688 292 745 huius
316 688 466 745 rationem
487 687 601 744 habere
623 686 720 743 minus
736 703 812 761 opus
836 693 902 742 erat
917 686 955 754 ei,
979 686 1030 761 qui
1052 686 1101 744 illa
1116 687 1209 743 uerba
1225 685 1305 744 facit.
1346 753 1348 759 ,

208 789 381 864 Apollinem
395 808 479 865 ue10,
503 805 594 864 quem
616 788 688 843 inde
711 789 749 842 ab
766 786 977 861 antiquissimis
993 787 1179 863 temporibus
1195 795 1308 863 poetae

207 892 338 967 pictores
361 898 528 948 statuarum
553 889 681 947 artifices
701 889 841 946 finxerint
860 889 1028 947 imberbem
1037 885 1064 968 ²)
1086 889 1308 966 pulchritudine

208 993 394 1068 sempiterna
415 992 588 1066 praeditum
611 999 644 1048 et
671 990 826 1048 iuuentute
852 992 959 1048 audire
988 1011 1125 1067 magnum
1149 992 1240 1048 olium
1263 991 1308 1046 in·

207 1099 317 1150 tonsum
331 1094 467 1150 crrin'lum
483 1093 598 1168 stonum
605 1091 772 1171 formosum
780 1092 936 1165 pulchrum
951 1093 1114 1167 Apollinem
1137 1095 1220 1169 apud
1234 1110 1308 1168 poe-

207 1202 254 1252 tas
268 1195 417 1263 uidemus,
441 1195 568 1269 legimus
576 1201 665 1268 pater
682 1192 844 1264 Gradiuus,
854 1200 943 1267 poter
960 1193 1114 1263 Portunus,
1131 1200 1220 1270 paler
1238 1193 1308 1252 Oce·

208 1311 293 1363 onus,
314 1301 403 1369 paler
429 1295 532 1363 Orcus,
562 1303 593 1351 et
621 1296 664 1352 sic
692 1295 848 1369 deinceps,
875 1302 990 1367 patrem
1013 1295 1188 1372 Apollinem
1209 1296 1267 1353 nisi
1289 1315 1308 1354 a

212 1395 345 1454 Creusae
368 1397 428 1455 filio
450 1397 500 1454 uel
522 1415 540 1453 a
563 1397 706 1454 similibus
726 1394 808 1452 lonis
830 1397 965 1454 inuocari
987 1414 1043 1472 per
1064 1397 1114 1455 dei
1135 1398 1233 1472 ipsam
1253 1415 1307 1453 na·

207 1506 306 1555 turam
327 1498 490 1555 nonlicet.
535 1495 644 1572 Neque
671 1494 785 1554 Gellius
808 1495 835 1551 V
863 1509 897 1550 12
929 1497 981 1553 ubi
1005 1497 1127 1555 dehac
1156 1517 1188 1554 re
1211 1498 1308 1572 agitur

208 1606 429 1656 commemorat
450 1596 635 1674 Apollinem,
659 1612 761 1670 neque
784 1592 987 1653 Macrobiusl
1007 1595 1052 1666 18,
1076 1599 1126 1654 ubi
1148 1599 1308 1656 contendit

207 1700 350 1756 Liberum
377 1707 496 1774 patrem
519 1699 652 1756 eundem
675 1713 743 1754 esse
767 1703 860 1771 atque
882 1697 1055 1774 Apollinem
1078 1700 1190 1756 eodem
1212 1701 1307 1757 utitur

206 1809 399 1875 argumento,
435 1819 498 1875 quo
525 1800 539 1857 I
565 1815 611 1874 19,
640 1815 657 1872 3
694 1799 838 1856 euincere
871 1801 976 1857 studet
1011 1800 1154 1858 Liberum
1187 1809 1307 1876 patrem

205 1909 238 1958 et
273 1902 404 1960 Martem
446 1911 567 1978 patrem
606 1920 700 1962 unum
737 1919 852 1958 numen
891 1909 921 1958 et
951 1904 1075 1960 nomine
1108 1911 1225 1961 tantum
1261 1905 1306 1961 di·

204 2023 311 2064 uersos
345 2023 431 2076 esse,
470 2010 554 2084 quod
588 2019 747 2087 utrumque
790 2011 923 2069 Romani
966 2011 1061 2086 patris
1100 2007 1305 2085 appellatione

204 2116 405 2165 uenerentnr:
452 2111 536 2185 quod
572 2120 784 2184 argumentum
813 2112 870 2170 illic
903 2113 1055 2170 attulisset
1090 2113 1114 2169 si
1146 2112 1305 2187 potuisset,

205 2208 253 2266 hic
277 2208 388 2266 adferri
411 2210 567 2267 ridiculum
588 2219 662 2280 erat,
687 2213 710 2268 si
733 2213 775 2268 ad
796 2230 889 2270 unum
913 2231 1019 2270 omnes
1042 2213 1101 2270 hoc
1122 2213 1305 2286 cognomine

105 2323 107 2328 '
204 2312 397 2369 uocabantur
419 2311 479 2369 dei.
524 2311 615 2369 Certe
642 2313 775 2388 uirgines
797 2312 940 2371 Uestales
963 2314 1136 2390 Apollinem
1163 2314 1206 2371 ita
1227 2314 1306 2371 indi·

204 2413 359 2488 gitabant:
382 2406 508 2488 ‘Apollo
531 2413 661 2482 Medice,
685 2414 795 2489 Apollo
818 2410 937 2473 Paean’
961 2413 1110 2487 (Macrob.
1134 2415 1148 2472 Ι
1176 2407 1304 2492 17,15).

204 2512 278 2570 Ueri
298 2514 386 2587 igitur
406 2514 586 2572 simillimum
609 2525 657 2573 cst
686 2517 831 2594 conqueri
854 2516 1028 2592 Apollinem
1055 2517 1138 2592 apud
1159 2514 1305 2573 Lucilium

205 2616 369 2688 quodcum
385 2616 478 2673 ceteri
492 2617 534 2673 ad
549 2635 644 2674 unum
657 2635 765 2674 omnes
783 2626 885 2693 patres
899 2618 1049 2686 dicantur,
1071 2616 1136 2694 ipse
1148 2612 1304 2692 pulchert)

205 2710 304 2788 καλός
326 2716 432 2774 audire
460 2716 559 2774 soleat
588 2726 621 2775 ut
645 2717 757 2775 exoleti
791 2719 829 2776 ab
862 2713 1090 2792 amatoribus⁴),
1123 2732 1224 2793 neque
1245 2717 1305 2774 ulla

204 2834 238 2872 re
260 2816 455 2892 prohibemur
479 2819 640 2892 quominus
668 2836 718 2877 uu.
744 2835 791 2894 27·
818 2819 856 2877 28
879 2820 903 2876 L
934 2836 982 2892 24.
1006 2834 1043 2893 25
1067 2819 1110 2887 M,
1142 2816 1303 2894 inquibus

207 2934 403 2942 .-.-..-——--a

310 2983 329 3046 ¹)
350 2984 425 3034 Cons.
445 2985 557 3034 Luciani
575 2985 683 3034 deornm
703 2985 841 3035 concilium
860 2991 938 3051 atque
959 2985 1077 3034 eiusdem
1094 2986 1186 3034 Iouem
1204 2992 1304 3047 tragoe-

205 3073 281 3122 dum:
301 3081 437 3137 praeterea
456 3073 564 3123 Philod.
585 3073 618 3122 de
637 3073 699 3138 piet.
724 3089 749 3138 p.
769 3085 803 3136 43
824 3075 916 3139 Gomp.
953 3074 1039 3122 Etiam
1063 3074 1090 3122 in
1109 3074 1226 3124 Senecae
1245 3088 1304 3138 apo-

206 3159 369 3225 colocyntosi
392 3173 420 3209 11
452 3162 602 3211 Mercurius
627 3161 782 3227 apparitoris
802 3176 911 3210 munere
935 3162 1064 3224 fungitur:
1093 3161 1164 3227 apud
1194 3161 1303 3211 Lucian.

204 3250 281 3314 Iupp.
301 3255 365 3312 trag.
389 3262 398 3298 1
422 3247 534 3315 οἰκέτην
551 3249 623 3299 Iouis
644 3265 673 3299 se
691 3250 749 3315 ipse
768 3251 914 3300 Mercurius
933 3251 1004 3300 dicit.

306 3337 325 3400 ²)
345 3338 419 3388 Cous.
438 3339 544 3390 anian.
566 3342 643 3406 Iupp.
663 3340 780 3402 tragoed.
801 3341 842 3389 26.
867 3341 914 3389 ubi
932 3339 1034 3406 Apollo
1056 3340 1093 3390 ita
1116 3339 1245 3404 loquitur:
1275 3335 1305 3389 Εἰ

205 3427 251 3478 καὶ
269 3431 329 3490 τοῖς
347 3426 422 3490 νέοις
441 3427 482 3479 ἔτι
501 3431 547 3482 καὶ
559 3428 695 3493 ἀγενείοις
707 3429 774 3494 ἡμῖν
794 3429 892 3494 ἐφεῖτο
912 3429 943 3481 ἐκ
955 3432 1007 3481 τοῦ
1020 3428 1108 3494 νόμου
1122 3428 1304 3493 δημηγορεῖν,

204 3514 275 3578 ἰ’σως
293 3515 328 3567 ἂν
346 3515 428 3568 εἶπόν
446 3532 473 3568 τι
486 3521 544 3571 κτλ.
562 3519 633 3568 Plut.
652 3535 714 3570 mor.
734 3535 760 3585 p.
772 3519 823 3580 389
838 3517 858 3567 C
871 3518 977 3567 Philod.
992 3517 1026 3566 de
1038 3517 1100 3582 piet.
1120 3532 1145 3581 p.
1158 3517 1190 3565 26
1210 3517 1303 3580 Gomp.

305 3603 328 3671 ³)
347 3605 453 3656 Lucian.
473 3605 491 3655 1.
511 3606 529 3656 1.
549 3619 583 3670 43
607 3608 640 3656 de
660 3606 803 3673 Apolline:
831 3605 894 3658 Ποῠ
914 3609 966 3658 νῦν
984 3606 999 3657 ὁ
1019 3605 1125 3669 καλὸς
1143 3605 1210 3670 ἡμῖν
1229 3605 1303 3656 κιθα-

205 3693 310 3761 ρῳδδς;
330 3695 398 3744 Dial.
418 3702 495 3746 mort.
513 3708 552 3755 ro,
572 3708 587 3758 3
607 3695 637 3748 ‘0
656 3695 740 3759 καλὸς
758 3696 789 3748 δὲ
808 3695 893 3759 οὗτος
909 3694 951 3759 τίς
970 3695 1059 3761 ἐστιν;
1080 3693 1303 3760 Χαρμόλεως...

205 3784 221 3834 δ
240 3782 402 3849 ἐπέραστος,
422 3783 456 3836 οὓ
475 3783 509 3836 τὸ
527 3783 636 3849 φίλημα
655 3785 821 3838 διτάλαντον
840 3784 883 3849 ἦν,

306 3872 326 3935 ⁴)
345 3872 421 3921 Conf.
443 3872 556 3939 interpp.
590 3874 623 3922 ad
647 3874 784 3939 Aristoph.
810 3875 893 3939 Uesp.
913 3874 955 3935 98.
986 3901 1018 3910 -
1049 3873 1122 3937 Apte
1154 3872 1222 3922 cons.
1248 3872 1302 3938 epi·

205 3976 320 4023 gramma
337 3961 432 4010 Alcaei
449 3965 483 4010 A.
501 3962 532 4011 P.
552 3963 610 4010 XII
630 3974 662 4024 29
681 3963 708 4011 in
727 3978 850 4028 puerum:

355 4050 531 4116 Πρώταρχος
549 4050 633 4114 καλός
652 4051 711 4104 ἐστι
730 4052 776 4104 καλ
795 4051 828 4103 οὐ
845 4051 929 4104 θέλει
949 4049 1019 4105 ἀλλὰ
1038 4048 1150 4115 θελήσει

354 4137 503 4205 Ὕστερον·
523 4140 540 4205 ἡ
561 4137 585 4192 δ’
606 4139 667 4206 ὥρη
685 4139 806 4205 λαμπάδ’
825 4139 929 4206 ἔχουσα
947 4140 1045 4210 τρέχει.
