2980 4752
404 1234 460 1308 ΠΙ.
489 1234 560 1307 DE
587 1233 920 1308 ARGVMENTO
947 1233 1078 1308 LIBRI
1103 1234 1144 1306 ΙΙ.

324 1441 386 1502 Ine·
412 1458 460 1501 uu·
483 1457 660 1516 nes-995·
685 1441 747 1517 98⁶
772 1460 838 1518 sqq·
864 1443 889 1500 L
912 1459 962 1517 33·
985 1458 1036 1516 34·
1058 1439 1109 1503 62·
1133 1439 1170 1498 2⁶
1194 1457 1260 1516 sqq·
1284 1439 1319 1497 M

764 1543 788 1604 1.

308 1639 409 1712 Quam
431 1643 532 1718 lepide
554 1639 656 1718 λέξεις
680 1652 872 1718 compostae,
896 1652 929 1701 ut
951 1645 1130 1712 tesserulae,
1153 1659 1261 1700 omnes

308 1752 372 1800 arte
394 1744 572 1818 pauimento
595 1753 689 1820 atque
712 1745 898 1801 emblemate
921 1739 1136 1801 uermiculato!

753 1845 792 1904 II.

308 1942 450 2002 Crassum
471 1945 572 2004 habeo
594 1963 751 2020 generum,
774 1963 813 2002 ne
836 1941 1067 2003 rhetoricotero'
1090 1953 1121 2002 tu
1145 1941 1200 2002 slsl

652 2101 655 2109 .
752 2046 804 2106 III.

309 2145 460 2204 Graecum
482 2155 523 2217 te,
547 2148 663 2220 Albuci,
688 2167 780 2224 quam
802 2148 979 2206 Romanum
1002 2156 1094 2223 atque
1118 2146 1272 2213 Sabinum,

307 2247 488 2323 municipem
511 2247 611 2309 Ponti.
634 2249 784 2317 Tritauni,
807 2251 1027 2318 centurionum,

308 2348 532 2422 praeclarorum
555 2350 711 2408 hominum
734 2369 771 2436 ac
787 2353 960 2426 prImorum,
985 2350 1222 2427 signiferumque

312 2449 441 2506 maluisti
465 2450 535 2510 dici.
559 2450 679 2508 Graece
701 2469 776 2526 ergo
798 2460 922 2526 praetor
943 2452 1082 2519 Athenis,

309 2547 341 2603 id
365 2550 448 2624 quod
472 2551 615 2620 maluisti,
640 2562 679 2620 te,
704 2570 773 2608 cum
795 2553 905 2609 adme
928 2550 1056 2621 accedi’,
1080 2553 1191 2610 saluto:

307 2648 407 2723 χαῖρε,
435 2651 568 2726 iuquam,
593 2651 675 2711 Tite.
721 2652 869 2720 Lictores,
893 2661 991 2709 turma
1014 2648 1107 2708 omni’
1130 2651 1321 2725 cohorsque:

307 2749 409 2825 χαῖρε,
433 2749 513 2812 Tite.
557 2752 638 2809 HInc
660 2752 757 2809 hostis
781 2754 821 2809 mi
845 2753 997 2822 Albucius,
1018 2751 1088 2811 hinc
1110 2753 1245 2810 inimicus
1262 2748 1293 2825 ¹).

225 2847 367 2908 Editores
378 2851 535 2909 nouissimi
556 2854 636 2910 male
657 2855 688 2910 in
703 2853 874 2928 fragmento
890 2856 987 2929 primo
1002 2871 1134 2930 posuere
1144 2853 1322 2927 pammenlz':

224 2959 307 3006 recte
331 2953 454 3010 codices
477 2952 631 3012 Ciceronis
654 2973 745 3030 quem
769 2964 909 3013 accurate
933 2955 1059 3024 NoniuS,
1083 2955 1238 3012 socordius
1262 2951 1321 3009 Pli-

223 3049 290 3106 nius
312 3053 515 3128 transscripsit
536 3058 658 3112 uersum'
681 3065 906 3131 expresserunt.
953 3056 1122 3112 Pammenia
1144 3062 1192 3112 est
1214 3055 1244 3109 in
1262 3062 1321 3126 pe-

223 3151 359 3224 memento,
393 3153 470 3210 sicut
500 3154 659 3211 emblemate
702 3154 811 3214 Cicero
843 3159 908 3231 ipse
942 3157 1076 3232 positum
1106 3173 1177 3230 esse
1206 3154 1322 3211 indicat

223 3268 278 3325 pro
305 3251 335 3306 in
366 3252 527 3311 emblemate
550 3256 630 3316 Brut.
656 3272 729 3331 274:
762 3259 954 3314 uermiculolo
989 3259 1029 3314 ad
1063 3264 1224 3329 utrumque
1251 3254 1322 3310 sub·

224 3351 390 3409 stantiuum
424 3357 566 3429 pertinet.
611 3356 699 3416 Conf.
726 3373 802 3434 1037
827 3359 852 3416 L
884 3358 989 3416 XXIX
1018 3373 1075 3431 104
1098 3357 1131 3414 M
1163 3356 1211 3413 hic
1240 3364 1321 3412 stare

223 3452 350 3526 papillas
374 3455 502 3515 Pectore
534 3477 704 3518 marmoreo
716 3459 750 3535 2).
800 3461 887 3520 Lucr.
913 3460 1009 3536 1978
1044 3478 1104 3535 quo
1136 3453 1228 3515 minu'
1260 3475 1321 3531 quo

223 3553 349 3609 missum
372 3563 420 3612 est
442 3559 547 3616 uentat
568 3560 679 3635 finique
702 3560 782 3618 locet
804 3579 846 3621 se.
875 3561 1101 3632 1022.111104
1124 3558 1167 3615 IV
1192 3573 1239 3632 71.
1285 3557 1321 3612 In

224 3651 398 3728 fragmento
421 3660 511 3716 tertio
535 3678 596 3718 una
618 3679 679 3718 uox
701 3671 797 3719 restat
817 3639 1025 3721 emendanda.

325 3889 343 3951 ¹)
362 3890 484 3940 Tractaui
497 3891 549 3940 hoc
566 3893 738 3956 fragmentum
750 3893 777 3941 in
788 3892 896 3943 libello:
915 3894 1115 3944 Exercitationis
1133 3896 1320 3958 grammaticae

224 3977 366 4042 specimina
385 3978 456 4028 edid.
476 3981 607 4030 seminarii
628 3981 822 4046 philologorum
836 3983 984 4031 Bonnensis
1004 3983 1110 4032 sodales
1132 3984 1196 4033 1881
1218 4002 1243 4050 p.
1258 3986 1282 4034 6.

322 4061 342 4128 ²)
361 4068 419 4118 XII
441 4069 492 4131 368
511 4071 566 4132 L3
588 4070 628 4120 M:
656 4067 792 4119 ‘Firmiter
820 4070 870 4119 hoc
899 4070 1048 4136 pariterque
1074 4078 1120 4121 tuo
1149 4072 1183 4120 sit
1211 4079 1319 4138 pectore

223 4153 322 4204 fixum’.
