2980 4752
509 1278 570 1350 Vl.
601 1275 1031 1351 CHRONOLOGICA.

324 1509 512 1584 Temporum
546 1509 697 1569 rationem
725 1509 835 1585 quibus
857 1508 988 1566 Lucilius
1013 1510 1121 1567 saturis
1154 1509 1326 1566 scribendis

224 1628 347 1684 operam
372 1611 501 1668 dederit.
536 1629 602 1668 cum
626 1611 656 1666 in
688 1611 732 1667 eis
756 1627 834 1684 quae
858 1618 949 1667 antea
972 1611 1101 1685 exposui
1124 1627 1207 1668 noua
1230 1627 1324 1684 argu·

224 1720 329 1770 menta
351 1712 487 1770 attulisse
510 1711 582 1768 mihi
604 1712 719 1779 uidear,
754 1711 1054 1786 paullo,accuratius
1077 1730 1169 1786 quam
1192 1712 1323 1768 Bouter·

129 1845 132 1852 ,
227 1812 293 1869 wek
316 1813 355 1869 de
378 1812 472 1872 Lucil.
496 1820 553 1871 sat.
577 1831 606 1887 p.
631 1811 648 1869 8
670 1813 768 1886 Iltgen
792 1811 1018 1870 Lucilianorum
1040 1831 1068 1889 p.
1097 1829 1145 1880 22,
1180 1813 1230 1889 qui
1257 1830 1324 1868 rem

227 1931 247 1970 a
268 1912 468 1972 Lachmanno
499 1914 579 1970 bene
607 1911 782 1969 inchoatam
805 1910 896 1986 plane
919 1912 1074 1987 peruenit,
1097 1912 1225 1970 Mueller
1247 1912 1324 1969 edit.

227 2030 256 2088 p.
281 2012 310 2068 X
331 2021 363 2069 et
385 2031 414 2087 p.
440 2027 497 2087 297
522 2013 659 2070 conabor
681 2012 841 2088 explicare.

325 2113 455 2171 Lucilius
490 2122 579 2170 natus
614 2114 731 2171 circiter
763 2129 844 2170 anno
880 2108 1033 2186 574l180‚
1067 2120 1205 2170 mortuus
1239 2130 1324 2169 anno

226 2211 365 2288 651l103
382 2206 527 2292 (Mueller
542 2215 616 2272 edit.
633 2233 663 2291 p.
678 2214 750 2288 289)
773 2213 894 2291 reliquit
916 2221 1085 2272 saturarum
1109 2213 1200 2270 libros
1222 2212 1324 2285 XXX,

227 2331 306 2390 quos
329 2314 359 2371 in
381 2314 437 2372 tria
453 2314 608 2374 uolumina
623 2316 800 2390 dispertitos
824 2333 894 2372 esse
918 2323 1026 2372 contra
1043 2315 1177 2372 editores
1193 2313 1325 2370 nouissi-

225 2431 292 2472 mos
309 2424 420 2483 statu0‚
434 2415 665 2475 Lachmannum
679 2426 710 2474 et
729 2418 759 2474 in
777 2417 834 2475 hac
850 2417 975 2492 quidem
996 2433 1029 2472 re
1051 2416 1116 2472 eius
1140 2422 1325 2472 sectatorem

225 2515 415 2587 Muellerum,
439 2518 491 2593 qui
507 2520 568 2575 duo
586 2519 741 2576 uolumina
757 2519 925 2594 antiquitus
948 2518 1043 2574 fuisse
1066 2524 1197 2574 sumant.
1221 2515 1325 2590 Atque

225 2626 307 2674 recte
333 2618 457 2693 quidem
481 2618 659 2676 Lachmann
683 2619 787 2676 statuit
815 2618 877 2688 (Kl.
902 2616 983 2676 Schr.
1006 2616 1035 2672 11
1057 2635 1086 2691 p.
1111 2611 1164 2691 02)
1190 2616 1325 2673 Nonium

226 2718 346 2774 duobus
374 2718 574 2775 uoluminibus
602 2735 670 2776 esse
695 2735 791 2784 usum,
826 2734 955 2792 quorum
978 2715 1104 2774 alterum
1128 2716 1220 2773 libros
1235 2715 1325 2772 XXV

225 2818 297 2876 inde
314 2837 333 2876 a
348 2818 445 2892 primo
461 2818 668 2892 complectens
684 2817 812 2875 adhibet
829 2836 898 2875 cum
913 2818 988 2875 dicit
1005 2817 1144 2873 Lucilius
1157 2823 1326 2888 satyrarum

226 2917 315 2985 libro,
338 2919 434 2975 altero
465 2918 554 2976 libros
585 2937 693 2976 omnes
717 2919 805 2980 XXX
837 2919 1015 2976 continente
1043 2919 1135 2975 utitur
1162 2935 1231 2974 cum
1254 2917 1326 2973 sirn-

226 3018 342 3093 pliciter
367 3019 468 3076 scribit
493 3019 631 3076 Lucilius
654 3019 731 3076 libro
754 3015 895 3096 (Mueller
918 3020 990 3079 edit.
1012 3038 1041 3093 p.
1058 3014 1182 3094 XVIII).
1205 3018 1324 3075 Tamen

226 3118 303 3176 slent
326 3119 469 3176 uolumen
492 3121 643 3194 posterius
665 3121 773 3178 Lucilii
796 3139 858 3177 non
883 3139 921 3175 ex
945 3119 972 3173 V
995 3119 1077 3176 libris
1098 3118 1324 3176 continentibus

227 3228 348 3278 constat
383 3222 440 3277 sed
472 3221 580 3278 librum
611 3222 699 3278 XXX
734 3218 926 3297 μονόβιβλον
960 3238 1031 3278 esse
1064 3221 1150 3278 multi
1182 3221 1326 3276 dixerunt

227 3331 310 3378 recte
335 3317 550 3396 (Schoenbeck
570 3324 655 3396 apud
678 3321 844 3397 Corpetum
867 3322 939 3381 edit.
961 3340 991 3397 p.
1020 3337 1075 3396 197
1099 3321 1228 3378 Mueller
1249 3321 1324 3378 edit.

228 3441 257 3499 p.
282 3422 350 3496 IX),
380 3424 422 3480 ita
444 3423 535 3479 Nonii
564 3423 710 3480 uolumen
744 3424 825 3499 prius
861 3424 951 3480 libros
981 3423 1127 3480 I-XXV
1162 3423 1324 3480 continens

229 3525 429 3584 diuidendum
441 3535 487 3583 est
499 3526 603 3582 induo
616 3526 770 3583 uolumina
782 3543 910 3601 quorum
922 3525 1051 3582 alterum
1064 3535 1182 3582 saturas
1193 3522 1325 3581 l-XXI

229 3627 445 3702 complectitur.
491 3624 585 3698 Quod
607 3626 753 3684 uolumen
774 3627 908 3701 inprimis
940 3626 1135 3684 lectitabatur
1156 3643 1256 3701 eoque
1281 3633 1325 3681 ut·

229 3728 361 3786 ebantur
382 3729 447 3786 solo
469 3728 656 3802 grammatici
679 3727 741 3783 fere
765 3745 872 3784 ornnes
896 3735 1018 3802 praeter
1039 3727 1173 3784 Nonium
1196 3728 1226 3784 in
1251 3727 1325 3784 locis

229 3829 390 3888 Lucilianis
420 3829 592 3887 afferendis.
646 3827 763 3886 Gellius
788 3827 933 3885 UarronIs
955 3828 1136 3902 compilator
1158 3828 1217 3884 hoc
1240 3827 1323 3884 uolu-

230 3929 310 3987 mine
332 3947 406 3988 usus
429 3940 485 3999 est,
510 3931 615 3988 laudat
637 3930 728 3986 libros
746 3929 862 3986 I··—XX
886 3938 1007 3986 tantum
1031 3924 1097 4003 (cur
1119 3946 1136 3984 e
1160 3928 1235 3985 libro
1251 3928 1325 3984 XXI

231 4031 355 4089 omnino
389 4032 461 4090 nihil
494 4041 648 4090 seruatum
684 4032 722 4088 sit
755 4049 818 4087 non
846 4025 957 4107 liquet)
985 4039 1017 4087 et
1038 4029 1136 4087 Uarro
1166 4029 1231 4103 ipse
1260 4029 1324 4086 sine

231 4132 324 4192 dubio
347 4133 429 4191 idem
450 4134 508 4192 hoc
529 4135 602 4192 dicit
621 4136 651 4194 d.
667 4134 685 4194 l.
702 4133 736 4195 L.
759 4132 785 4188 V
807 4127 907 4208 17¹‘A
929 4150 988 4208 qua
1010 4131 1153 4207 bipartita
1175 4129 1325 4188 diuisione
