2998 4744
725 225 762 282 ²3

192 393 387 452 inueniuntur
412 395 495 468 apud
523 392 621 450 Strab.
645 394 660 451 I
681 413 710 469 p.
731 409 768 468 29
791 395 897 452 similia
928 395 1019 455 haec:
1060 391 1130 456 Εἰσὶ
1152 393 1187 456 δέ
1210 413 1295 471 τινες

192 489 226 555 o‘r'
247 505 350 570 φασιν
378 489 459 555 εἶναι
490 490 549 554 δύο
579 491 656 569 τοὺς
683 491 900 570 κυριωτάτους
930 491 1069 571 ἀνέμους
1099 494 1217 572 βορέαν
1244 495 1295 559 καὶ

191 593 299 671 νότον,
322 593 399 671 τοὺς
422 594 459 656 δὲ
482 590 602 671 ἀλλους
629 594 710 658 κατὰ
736 594 849 673 μικρὰν
877 593 1019 670 ἔγκλισιν
1042 595 1215 673 διαφέρειν,
1238 595 1295 660 τὸν

191 696 249 773 μὲν
271 693 337 758 ἀπὸ
360 697 495 774 θερινῶν
517 693 685 759 ἀνατολῶν
707 695 811 774 εὖρον,
834 698 1019 774 χειμερινῶν
1041 696 1077 758 δέ
1099 694 1294 775 ἀπηλιώτην,

190 795 318 859 δύσεων
346 797 382 859 δέ
413 798 546 874 θερινῶν
575 796 632 873 μέν
654 796 801 875 ζέφυρον,
837 799 1023 875 χειμερινῶν
1053 798 1089 862 δέ
1122 795 1293 875 ἀργέστην.

189 894 255 959 Τοῦ
277 897 313 959 δέ
328 895 386 959 δύο
409 894 581 974 εἶναιτοὺς
602 895 741 975 ἀνέμους
762 900 931 961 ποιοῦνται
952 896 1295 976 μόρτυραςθρασυάλ-

189 1016 250 1072 κην
259 994 283 1074 ¹)
309 1015 344 1059 τε
373 996 508 1060 καὶτὸν
540 997 676 1075 ποιητὴν
699 996 798 1061 αὐτὸν
820 1002 864 1080 τῷ
894 996 952 1060 τὸν
980 999 1037 1076 μέν
1060 995 1221 1076 ἀργέστην
1249 1003 1293 1081 τῶ

188 1096 274 1179 νότῳ
294 1097 489 1175 προσνέμειν
511 1096 690 1176 ’ἀργεστᾶο
715 1097 832 1163 Νότοιο
844 1097 860 1176 '‚
882 1099 939 1161 τόν
956 1100 991 1162 δὲ
1014 1098 1153 1177 ζέφυρον
1175 1103 1219 1182 τῷ
1243 1103 1294 1177 βο-

190 1198 248 1279 ρέᾳ
271 1195 401 1277 “βορέης
424 1198 475 1263 καὶ
497 1198 646 1278 ζέφυρος,
669 1199 714 1263 τῶ
736 1219 770 1262 τε
792 1200 960 1283 Θρῄκηθεν
982 1197 1104 1277 ἄητον.
1149 1198 1234 1276 Φησὶ
1259 1200 1294 1262 δέ

188 1297 410 1377 Ποσειδώνιος
433 1300 555 1378 μηδένα
577 1299 682 1379 οὕτως
702 1301 966 1379 παραδεδωκέναι
982 1301 1060 1378 τοὺς
1075 1299 1214 1379 ἀνέμους
1228 1303 1293 1364 τῶν

189 1399 359 1480 γνωρίμων
380 1400 452 1479 περὶ
474 1404 575 1465 ταῦτα
597 1399 670 1466 οἷον
692 1400 897 1480 Ἀριστοτέλη
919 1401 1101 1480 Τιμοσθένη
1120 1401 1224 1466 Βίωνα
1235 1402 1294 1466 τόν

190 1498 393 1579 ἀστρολόγον
412 1505 477 1565 κτλ.
486 1499 513 1584 ⁹)
558 1505 620 1564 Sed
642 1507 701 1564 ista
722 1507 914 1582 physicorum
941 1507 1155 1564 nonnullorum
1189 1508 1293 1582 opinio

190 1604 261 1662 nihil
285 1607 325 1662 ad
352 1623 458 1664 uersus
488 1607 607 1668 Lucilii:
643 1610 726 1682 apud
749 1607 933 1665 Strabonem
966 1608 1047 1664 enirn
1079 1616 1294 1683 comparantur

192 1705 293 1782 aquilo
322 1715 484 1783 austerque
510 1728 578 1766 cum
605 1709 746 1766 omnibus
774 1709 894 1784 reliquis
921 1709 1035 1776 uentis,
1060 1709 1091 1766 in
1122 1709 1168 1766 his
1197 1707 1292 1783 Cotys

189 1825 242 1863 rex
265 1807 382 1866 abillis
411 1810 510 1866 nentis
538 1811 669 1868 secernit
703 1829 766 1867 non
793 1809 956 1886 zephyrum
988 1827 1093 1866 eurum
1122 1810 1207 1878 alios
1235 1812 1293 1868 sed

188 1904 279 1968 ‘istos
306 1927 344 1966 ex
366 1910 469 1968 nimbo
501 1907 670 1981 austellos’,
700 1930 798 1988 genus
828 1913 984 1988 quoddam
1011 1920 1190 1972 austrorum.
1233 1911 1293 1969 Uel

188 2012 262 2069 inde
287 2012 404 2087 opinor,
432 2021 560 2089 apparet
583 2013 685 2090 Cotyn
706 2031 770 2071 non
793 2031 884 2088 agere
907 2030 1015 2070 reuera
1038 2014 1077 2070 de
1098 2013 1209 2082 uentis,
1233 2016 1292 2072 sed

188 2114 232 2170 uti
255 2113 416 2171 tralatione
431 2115 642 2172 usitatissima:
666 2132 768 2192 neque
790 2115 872 2172 enim
887 2124 1006 2172 ceteros
1019 2124 1129 2172 uentos
1146 2114 1257 2172 Thraci
1264 2109 1290 2194 8)

188 2231 257 2272 esse
278 2214 402 2288 ignotos
425 2214 485 2271 ullo
508 2215 602 2271 modo
629 2215 712 2271 credi
741 2223 854 2290 potest.
898 2217 1049 2273 Accurate
1076 2215 1101 2272 si
1127 2214 1178 2272 illa
1199 2214 1292 2272 verba

187 2316 257 2372 istos
271 2333 310 2372 ex
322 2313 416 2372 nrinbo
437 2315 575 2370 austellos
589 2315 806 2391 interpretatus
826 2316 894 2389 eris,
917 2334 1019 2391 neque
1034 2315 1153 2373 nubilos
1170 2324 1290 2374 austros

187 2415 347 2489 intelleges
360 2415 483 2490 quicum
493 2415 613 2472 nebulis
623 2415 759 2472 seruntur
771 2424 802 2473 et
827 2416 1001 2472 consenties
1014 2431 1134 2472 mecum
1145 2414 1292 2472 Lucilium

187 2523 309 2574 uertere
322 2515 442 2574 Graeca
455 2516 549 2574 uerba
561 2512 678 2589 νότους
692 2512 854 2592 ἐκνεφίας,
879 2516 929 2592 qui
944 2516 1058 2592 optime
1072 2533 1139 2574 cum
1151 2516 1232 2574 iusto
1255 2534 1292 2574 ac

186 2634 260 2674 uero
291 2625 394 2675 austro
428 2625 521 2693 atque
550 2617 691 2694 aquilone
719 2618 961 2686 contenduntur,
999 2617 1085 2692 qnod
1117 2617 1156 2674 ab
1186 2625 1290 2675 austro

187 2717 342 2777 diuersum
367 2736 464 2794 genus
488 2727 653 2777 uentorum
681 2727 761 2777 sunt.
803 2714 978 2795 Ἐκνεφίας
1010 2718 1090 2776 enim
1116 2726 1244 2776 uocatur
1272 2713 1290 2778 ὁ

187 2813 223 2876 έκ
233 2814 355 2893 νέφους
373 2813 501 2893 ἄνεμος,
515 2819 595 2877 coni.
608 2818 739 2893 Hesych.
752 2818 835 2878 Suid.
849 2820 883 2878 Ε.
897 2819 939 2878 Μ.
953 2838 976 2876 S.
992 2837 1021 2879 u.
1039 2821 1152 2895 dequo
1165 2820 1290 2879 Aristot.

188 2919 228 2974 de
253 2921 367 2976 mundo
392 2937 421 2995 p.
445 2905 526 2992 394¹²
559 2919 608 2975 18:
637 2915 668 2978 οἱ
698 2918 734 2979 δὲ
760 2917 841 2979 κατὰ
866 2915 954 2995 ῥῆξιν
985 2917 1108 2995 νέφους
1128 2916 1292 2994 γινόμενοι

187 3015 238 3079 καὶ
262 3014 416 3080 ἀνάλυσιν
438 3019 496 3080 τοῦ
518 3014 643 3094 πάχους
665 3016 747 3095 πρὸς
772 3016 907 3096 ἑαυτοὺς
935 3019 1122 3096 ποιούμενοι
1147 3017 1290 3097 ἐκνεφίαι

187 3120 371 3182 καλοθνται;
394 3123 477 3180 adde
494 3122 652 3182 meteorol.
671 3121 688 3197 β
707 3141 736 3198 p.
754 3120 836 3197 3¹66b
861 3139 899 3196 33
923 3124 1022 3198 probl.
1046 3141 1082 3198 κς
1097 3143 1127 3200 ρ.
1143 3116 1226 3198 940b
1239 3139 1289 3197 3ο.

188 3221 263 3282 Plin.
287 3222 315 3280 II
341 3238 413 3295 131:
437 3217 538 3282 ‘Nunc
560 3225 600 3282 de
622 3225 790 3299 repentinis
811 3223 932 3281 flatibus
955 3225 1007 3300 qui
1022 3224 1186 3283 exhalante
1199 3232 1289 3292 terra,

188 3332 221 3380 ut
243 3325 357 3381 dictum
372 3331 430 3394 est,
453 3325 549 3382 coorti
565 3341 726 3401 rursusque
743 3325 864 3386 deiecti.
887 3325 1006 3383 interim
1018 3326 1152 3384 obducta
1166 3325 1290 3384 nubirun

188 3431 259 3482 cute
279 3424 476 3482 multiformes
499 3426 657 3485 exsistunt.
680 3424 760 3501 Uagi
778 3427 889 3502 quippe
913 3435 943 3484 et
966 3436 1087 3484 ruentes
1111 3427 1289 3485 torrentium

289 3615 308 3682 ¹)
327 3615 499 3681 Thrasyalces
518 3617 630 3667 Thasius
655 3621 716 3670 τῶν
735 3616 862 3682 ἀρχαίων
890 3623 1022 3682 φυσικῶν
1041 3618 1082 3684 εἷς
1101 3620 1191 3684 οὗτος,
1215 3621 1290 3671 Posi-

188 3702 249 3752 don.
268 3719 308 3768 ap.
328 3703 412 3754 Strab.
432 3705 514 3754 XVIl
533 3722 558 3771 p.
579 3718 639 3769 790.

288 3789 309 3856 ²)
328 3793 393 3840 Tres
419 3800 511 3842 uentos
536 3794 644 3856 agnouit
661 3795 803 3843 Acusilaus
830 3795 899 3860 apud
922 3796 1084 3848 Hesiodum:
1113 3799 1180 3849 cons.
1206 3798 1289 3850 schol.

188 3877 310 3941 theogon.
331 3892 397 3944 379:
427 3888 529 3930 ceteros
550 3882 699 3948 μαψαόρας
723 3890 802 3948 poeta
821 3883 883 3932 dicit
903 3900 927 3935 u.
948 3884 999 3948 872
1020 3893 1064 3934 aut
1084 3887 1226 3951 ecnephias
1246 3895 1290 3936 aut

188 3967 321 4032 ecuephiis
340 3968 448 4019 similes.

288 4055 310 4122 ³)
328 4057 440 4108 Thracia
457 4065 596 4108 uentorum
615 4061 777 4110 domicilium
798 4061 869 4125 apud
888 4062 1032 4112 Homerum
1051 4063 1157 4114 dicitur:
1185 4063 1289 4113 Preller

188 4144 294 4197 Griech.
313 4146 425 4212 Mythol.
445 4148 459 4196 1
477 4163 503 4213 p.
523 4147 582 4210 386.
