<?xml version="1.0" encoding="UTF-8"?>
<!DOCTYPE html PUBLIC "-//W3C//DTD XHTML 1.0 Transitional//EN"
    "http://www.w3.org/TR/xhtml1/DTD/xhtml1-transitional.dtd">
<html xmlns="http://www.w3.org/1999/xhtml" xml:lang="en" lang="en">
 <head>
  <title>
</title>
<meta http-equiv="Content-Type" content="text/html;charset=utf-8" />
  <meta name='ocr-system' content='tesseract 3.04.00' />
  <meta name='ocr-capabilities' content='ocr_page ocr_carea ocr_par ocr_line ocrx_word'/>
</head>
<body>
  <div class='ocr_page' id='page_1' title='image "./studialuciliana00marxgoog_0109.png"; bbox 0 0 2980 4752; ppageno 0'>
   <div class='ocr_carea' id='block_1_1' title="bbox 348 1229 1309 1460">
    <p class='ocr_par' dir='ltr' id='par_1_1' title="bbox 348 1229 1309 1460">
     <span class='ocr_line' id='line_1_1' title="bbox 348 1229 1309 1310; baseline 0.008 -10"><span class='ocrx_word' id='word_1_1' title='bbox 348 1229 424 1302; x_wconf 87' lang='lat' dir='ltr'>Vll.</span> <span class='ocrx_word' id='word_1_2' title='bbox 453 1231 524 1302; x_wconf 90' lang='lat' dir='ltr'>DE</span> <span class='ocrx_word' id='word_1_3' title='bbox 551 1231 911 1306; x_wconf 88' lang='lat' dir='ltr'><strong>DEDICATIONE</strong></span> <span class='ocrx_word' id='word_1_4' title='bbox 938 1233 1206 1308; x_wconf 90' lang='lat' dir='ltr'>LIBRORVM</span> <span class='ocrx_word' id='word_1_5' title='bbox 1233 1237 1309 1310; x_wconf 92' lang='lat' dir='ltr'>AD</span> 
     </span>
     <span class='ocr_line' id='line_1_2' title="bbox 383 1364 1278 1460; baseline 0.008 -23"><span class='ocrx_word' id='word_1_6' title='bbox 383 1364 641 1438; x_wconf 87' lang='lat' dir='ltr'>STILONEM</span> <span class='ocrx_word' id='word_1_7' title='bbox 670 1366 813 1460; x_wconf 81' lang='lat' dir='ltr'>QVAE</span> <span class='ocrx_word' id='word_1_8' title='bbox 845 1367 1015 1442; x_wconf 86' lang='lat' dir='ltr'>FALSO</span> <span class='ocrx_word' id='word_1_9' title='bbox 1043 1369 1278 1444; x_wconf 88' lang='lat' dir='ltr'><strong>SVMITVR.</strong></span> 
     </span>
    </p>
   </div>
   <div class='ocr_carea' id='block_1_2' title="bbox 274 1583 1381 4083">
    <p class='ocr_par' dir='ltr' id='par_1_2' title="bbox 274 1583 1381 3781">
     <span class='ocr_line' id='line_1_3' title="bbox 380 1583 1379 1662; baseline 0.004 -22"><span class='ocrx_word' id='word_1_10' title='bbox 380 1583 540 1642; x_wconf 88' lang='lat' dir='ltr'>Postremo</span> <span class='ocrx_word' id='word_1_11' title='bbox 572 1602 634 1641; x_wconf 92' lang='lat' dir='ltr'>uno</span> <span class='ocrx_word' id='word_1_12' title='bbox 662 1603 751 1642; x_wconf 90' lang='lat' dir='ltr'>uersu</span> <span class='ocrx_word' id='word_1_13' title='bbox 785 1583 932 1643; x_wconf 91' lang='lat' dir='ltr'><strong>Lucilium</strong></span> <span class='ocrx_word' id='word_1_14' title='bbox 965 1585 1139 1660; x_wconf 90' lang='lat' dir='ltr'>priuaturus</span> <span class='ocrx_word' id='word_1_15' title='bbox 1174 1603 1240 1643; x_wconf 92' lang='lat' dir='ltr'>sum</span> <span class='ocrx_word' id='word_1_16' title='bbox 1273 1605 1379 1662; x_wconf 91' lang='lat' dir='ltr'>neque</span> 
     </span>
     <span class='ocr_line' id='line_1_4' title="bbox 280 1679 1380 1761; baseline 0.005 -19"><span class='ocrx_word' id='word_1_17' title='bbox 280 1685 387 1760; x_wconf 88' lang='lat' dir='ltr'>opinor</span> <span class='ocrx_word' id='word_1_18' title='bbox 401 1685 546 1742; x_wconf 91' lang='lat' dir='ltr'>inuitum:</span> <span class='ocrx_word' id='word_1_19' title='bbox 570 1693 617 1742; x_wconf 90' lang='lat' dir='ltr'>est</span> <span class='ocrx_word' id='word_1_20' title='bbox 632 1686 714 1742; x_wconf 90' lang='lat' dir='ltr'>enim</span> <span class='ocrx_word' id='word_1_21' title='bbox 730 1686 864 1743; x_wconf 90' lang='lat' dir='ltr'>omnium</span> <span class='ocrx_word' id='word_1_22' title='bbox 888 1704 965 1761; x_wconf 90' lang='lat' dir='ltr'>quos</span> <span class='ocrx_word' id='word_1_23' title='bbox 981 1679 1053 1743; x_wconf 87' lang='lat' dir='ltr'>noui</span> <span class='ocrx_word' id='word_1_24' title='bbox 1069 1687 1186 1757; x_wconf 88' lang='lat' dir='ltr'>Lucilii,</span> <span class='ocrx_word' id='word_1_25' title='bbox 1209 1688 1303 1744; x_wconf 90' lang='lat' dir='ltr'>immo</span> <span class='ocrx_word' id='word_1_26' title='bbox 1317 1688 1380 1747; x_wconf 91' lang='lat' dir='ltr'>La-</span> 
     </span>
     <span class='ocr_line' id='line_1_5' title="bbox 280 1786 1381 1862; baseline 0.005 -19"><span class='ocrx_word' id='word_1_27' title='bbox 280 1787 411 1843; x_wconf 92' lang='lat' dir='ltr'>tinorum</span> <span class='ocrx_word' id='word_1_28' title='bbox 433 1803 540 1842; x_wconf 89' lang='lat' dir='ltr'>uersus</span> <span class='ocrx_word' id='word_1_29' title='bbox 563 1786 723 1861; x_wconf 90' lang='lat' dir='ltr'>pessimus.</span> <span class='ocrx_word' id='word_1_30' title='bbox 769 1787 913 1862; x_wconf 87' lang='lat' dir='ltr'>Legimus</span> <span class='ocrx_word' id='word_1_31' title='bbox 936 1788 966 1844; x_wconf 94' lang='lat' dir='ltr'>in</span> <span class='ocrx_word' id='word_1_32' title='bbox 990 1789 1158 1847; x_wconf 86' lang='lat' dir='ltr'>editoribus</span> <span class='ocrx_word' id='word_1_33' title='bbox 1183 1798 1215 1846; x_wconf 90' lang='lat' dir='ltr'>et</span> <span class='ocrx_word' id='word_1_34' title='bbox 1227 1788 1381 1848; x_wconf 86' lang='lat' dir='ltr'>Cornificii</span> 
     </span>
     <span class='ocr_line' id='line_1_6' title="bbox 278 1882 1381 1961; baseline 0.004 -17"><span class='ocrx_word' id='word_1_35' title='bbox 278 1886 322 1944; x_wconf 95' lang='lat' dir='ltr'>IV</span> <span class='ocrx_word' id='word_1_36' title='bbox 348 1886 383 1944; x_wconf 88' lang='lat'>18</span> <span class='ocrx_word' id='word_1_37' title='bbox 405 1896 436 1943; x_wconf 91' lang='lat' dir='ltr'>et</span> <span class='ocrx_word' id='word_1_38' title='bbox 460 1885 567 1944; x_wconf 85' lang='lat' dir='ltr'>Lucilii</span> <span class='ocrx_word' id='word_1_39' title='bbox 595 1902 670 1944; x_wconf 91' lang='lat'>1012</span> <span class='ocrx_word' id='word_1_40' title='bbox 695 1888 780 1961; x_wconf 85' lang='lat' dir='ltr'>Ll3</span> <span class='ocrx_word' id='word_1_41' title='bbox 804 1887 836 1945; x_wconf 93' lang='lat' dir='ltr'>M</span> <span class='ocrx_word' id='word_1_42' title='bbox 859 1882 915 1945; x_wconf 83' lang='lat' dir='ltr'>‘Et</span> <span class='ocrx_word' id='word_1_43' title='bbox 938 1890 961 1945; x_wconf 91' lang='lat' dir='ltr'>si</span> <span class='ocrx_word' id='word_1_44' title='bbox 984 1891 1145 1947; x_wconf 90' lang='lat' dir='ltr'>uerborum</span> <span class='ocrx_word' id='word_1_45' title='bbox 1166 1891 1381 1948; x_wconf 88' lang='lat' dir='ltr'>traiectionem</span> 
     </span>
     <span class='ocr_line' id='line_1_7' title="bbox 280 1987 1379 2066; baseline 0.003 -21"><span class='ocrx_word' id='word_1_46' title='bbox 280 1988 454 2056; x_wconf 90' lang='lat' dir='ltr'>uitabimus,</span> <span class='ocrx_word' id='word_1_47' title='bbox 476 1987 533 2045; x_wconf 90' lang='lat' dir='ltr'>nisi</span> <span class='ocrx_word' id='word_1_48' title='bbox 557 2005 637 2063; x_wconf 86' lang='lat' dir='ltr'>quae</span> <span class='ocrx_word' id='word_1_49' title='bbox 664 1989 721 2045; x_wconf 90' lang='lat' dir='ltr'>erit</span> <span class='ocrx_word' id='word_1_50' title='bbox 744 1989 905 2054; x_wconf 84' lang='lat' dir='ltr'>concinna,</span> <span class='ocrx_word' id='word_1_51' title='bbox 938 1992 1061 2065; x_wconf 90' lang='lat' dir='ltr'>quade</span> <span class='ocrx_word' id='word_1_52' title='bbox 1094 2009 1126 2047; x_wconf 90' lang='lat' dir='ltr'>re</span> <span class='ocrx_word' id='word_1_53' title='bbox 1154 1992 1307 2066; x_wconf 85' lang='lat' dir='ltr'>posterius</span> <span class='ocrx_word' id='word_1_54' title='bbox 1333 1993 1379 2048; x_wconf 94' lang='lat' dir='ltr'>lo·</span> 
     </span>
     <span class='ocr_line' id='line_1_8' title="bbox 280 2088 1380 2164; baseline 0.005 -19"><span class='ocrx_word' id='word_1_55' title='bbox 280 2106 414 2164; x_wconf 89' lang='lat' dir='ltr'>quemur,</span> <span class='ocrx_word' id='word_1_56' title='bbox 438 2105 499 2164; x_wconf 93' lang='lat' dir='ltr'>quo</span> <span class='ocrx_word' id='word_1_57' title='bbox 530 2088 562 2145; x_wconf 92' lang='lat' dir='ltr'>in</span> <span class='ocrx_word' id='word_1_58' title='bbox 584 2089 657 2146; x_wconf 91' lang='lat' dir='ltr'>uitio</span> <span class='ocrx_word' id='word_1_59' title='bbox 687 2098 733 2146; x_wconf 90' lang='lat' dir='ltr'>est</span> <span class='ocrx_word' id='word_1_60' title='bbox 758 2088 891 2146; x_wconf 84' lang='lat' dir='ltr'>Lucilius</span> <span class='ocrx_word' id='word_1_61' title='bbox 913 2091 1054 2148; x_wconf 88' lang='lat' dir='ltr'>assiduus</span> <span class='ocrx_word' id='word_1_62' title='bbox 1089 2101 1122 2148; x_wconf 88' lang='lat' dir='ltr'>ut</span> <span class='ocrx_word' id='word_1_63' title='bbox 1155 2091 1233 2150; x_wconf 88' lang='lat' dir='ltr'>haec</span> <span class='ocrx_word' id='word_1_64' title='bbox 1266 2101 1313 2150; x_wconf 89' lang='lat' dir='ltr'>est</span> <span class='ocrx_word' id='word_1_65' title='bbox 1345 2094 1380 2151; x_wconf 89' lang='lat' dir='ltr'>in</span> 
     </span>
     <span class='ocr_line' id='line_1_9' title="bbox 279 2188 1378 2266; baseline 0.007 -21"><span class='ocrx_word' id='word_1_66' title='bbox 279 2190 378 2265; x_wconf 89' lang='lat' dir='ltr'>priore</span> <span class='ocrx_word' id='word_1_67' title='bbox 413 2189 501 2247; x_wconf 91' lang='lat' dir='ltr'>libro:</span> <span class='ocrx_word' id='word_1_68' title='bbox 534 2188 600 2246; x_wconf 73' lang='lat' dir='ltr'>Has</span> <span class='ocrx_word' id='word_1_69' title='bbox 640 2207 688 2247; x_wconf 87' lang='lat' dir='ltr'>res</span> <span class='ocrx_word' id='word_1_70' title='bbox 720 2190 761 2247; x_wconf 73' lang='lat' dir='ltr'>ad</span> <span class='ocrx_word' id='word_1_71' title='bbox 796 2199 826 2248; x_wconf 87' lang='lat' dir='ltr'>te</span> <span class='ocrx_word' id='word_1_72' title='bbox 859 2189 986 2266; x_wconf 89' lang='lat' dir='ltr'>scriptas</span> <span class='ocrx_word' id='word_1_73' title='bbox 1015 2190 1091 2250; x_wconf 77' lang='lat' dir='ltr'>Lisci</span> <span class='ocrx_word' id='word_1_74' title='bbox 1123 2190 1259 2250; x_wconf 85' lang='lat' dir='ltr'>misimus</span> <span class='ocrx_word' id='word_1_75' title='bbox 1282 2189 1378 2254; x_wconf 87' lang='lat' dir='ltr'>Aeli&#39;.</span> 
     </span>
     <span class='ocr_line' id='line_1_10' title="bbox 278 2291 1379 2371; baseline 0.004 -23"><span class='ocrx_word' id='word_1_76' title='bbox 278 2291 376 2349; x_wconf 89' lang='lat' dir='ltr'>Multa</span> <span class='ocrx_word' id='word_1_77' title='bbox 398 2291 430 2349; x_wconf 90' lang='lat' dir='ltr'>in</span> <span class='ocrx_word' id='word_1_78' title='bbox 452 2291 497 2348; x_wconf 92' lang='lat' dir='ltr'>his</span> <span class='ocrx_word' id='word_1_79' title='bbox 521 2291 622 2349; x_wconf 88' lang='lat' dir='ltr'>uerbis</span> <span class='ocrx_word' id='word_1_80' title='bbox 648 2311 697 2349; x_wconf 92' lang='lat' dir='ltr'>me</span> <span class='ocrx_word' id='word_1_81' title='bbox 727 2292 928 2350; x_wconf 88' lang='lat' dir='ltr'>uehementer</span> <span class='ocrx_word' id='word_1_82' title='bbox 954 2294 1122 2352; x_wconf 84' lang='lat' dir='ltr'>offendunt.</span> <span class='ocrx_word' id='word_1_83' title='bbox 1167 2293 1301 2350; x_wconf 91' lang='lat' dir='ltr'>Primum</span> <span class='ocrx_word' id='word_1_84' title='bbox 1324 2298 1379 2371; x_wconf 92' lang='lat' dir='ltr'>qui</span> 
     </span>
     <span class='ocr_line' id='line_1_11' title="bbox 279 2389 1380 2469; baseline 0.002 -19"><span class='ocrx_word' id='word_1_85' title='bbox 279 2393 379 2468; x_wconf 90' lang='lat' dir='ltr'>potuit</span> <span class='ocrx_word' id='word_1_86' title='bbox 401 2393 463 2449; x_wconf 86' lang='lat' dir='ltr'>fieri</span> <span class='ocrx_word' id='word_1_87' title='bbox 490 2401 524 2450; x_wconf 92' lang='lat' dir='ltr'>ut</span> <span class='ocrx_word' id='word_1_88' title='bbox 547 2391 725 2450; x_wconf 87' lang='lat' dir='ltr'>Comificius</span> <span class='ocrx_word' id='word_1_89' title='bbox 755 2394 872 2450; x_wconf 91' lang='lat' dir='ltr'>diceret</span> <span class='ocrx_word' id='word_1_90' title='bbox 904 2389 950 2451; x_wconf 88' lang='lat' dir='ltr'>‘in</span> <span class='ocrx_word' id='word_1_91' title='bbox 972 2397 1071 2469; x_wconf 88' lang='lat' dir='ltr'>priore</span> <span class='ocrx_word' id='word_1_92' title='bbox 1095 2390 1192 2464; x_wconf 87' lang='lat' dir='ltr'>libro&#39;,</span> <span class='ocrx_word' id='word_1_93' title='bbox 1225 2413 1292 2451; x_wconf 91' lang='lat' dir='ltr'>cum</span> <span class='ocrx_word' id='word_1_94' title='bbox 1315 2397 1380 2452; x_wconf 91' lang='lat' dir='ltr'>sint</span> 
     </span>
     <span class='ocr_line' id='line_1_12' title="bbox 279 2492 1376 2571; baseline 0.002 -21"><span class='ocrx_word' id='word_1_95' title='bbox 279 2495 328 2551; x_wconf 89' lang='lat' dir='ltr'>uel</span> <span class='ocrx_word' id='word_1_96' title='bbox 353 2493 409 2551; x_wconf 90' lang='lat' dir='ltr'>tria</span> <span class='ocrx_word' id='word_1_97' title='bbox 431 2494 587 2551; x_wconf 90' lang='lat' dir='ltr'>uolumina</span> <span class='ocrx_word' id='word_1_98' title='bbox 610 2495 659 2551; x_wconf 90' lang='lat' dir='ltr'>uel</span> <span class='ocrx_word' id='word_1_99' title='bbox 681 2495 804 2569; x_wconf 86' lang='lat' dir='ltr'>triginta</span> <span class='ocrx_word' id='word_1_100' title='bbox 827 2495 891 2551; x_wconf 91' lang='lat' dir='ltr'>libri</span> <span class='ocrx_word' id='word_1_101' title='bbox 915 2492 1044 2553; x_wconf 80' lang='lat' dir='ltr'>Lucilii?</span> <span class='ocrx_word' id='word_1_102' title='bbox 1081 2494 1160 2552; x_wconf 91' lang='lat' dir='ltr'>Nam</span> <span class='ocrx_word' id='word_1_103' title='bbox 1183 2497 1268 2571; x_wconf 91' lang='lat' dir='ltr'>quod</span> <span class='ocrx_word' id='word_1_104' title='bbox 1292 2498 1376 2553; x_wconf 83' lang='lat' dir='ltr'>Acro</span> 
     </span>
     <span class='ocr_line' id='line_1_13' title="bbox 277 2589 1377 2670; baseline -0.001 -17"><span class='ocrx_word' id='word_1_105' title='bbox 277 2597 319 2653; x_wconf 89' lang='lat' dir='ltr'>ad</span> <span class='ocrx_word' id='word_1_106' title='bbox 341 2594 415 2653; x_wconf 88' lang='lat' dir='ltr'>Hor.</span> <span class='ocrx_word' id='word_1_107' title='bbox 439 2597 495 2653; x_wconf 80' lang='lat' dir='ltr'>sat.</span> <span class='ocrx_word' id='word_1_108' title='bbox 518 2594 547 2650; x_wconf 96' lang='lat' dir='ltr'>Il</span> <span class='ocrx_word' id='word_1_109' title='bbox 574 2611 599 2662; x_wconf 91' lang='lat'>1,</span> <span class='ocrx_word' id='word_1_110' title='bbox 624 2610 660 2651; x_wconf 91' lang='lat'>22</span> <span class='ocrx_word' id='word_1_111' title='bbox 686 2594 777 2651; x_wconf 89' lang='lat' dir='ltr'>habet</span> <span class='ocrx_word' id='word_1_112' title='bbox 805 2589 849 2650; x_wconf 80' lang='lat' dir='ltr'>‘in</span> <span class='ocrx_word' id='word_1_113' title='bbox 871 2595 971 2669; x_wconf 91' lang='lat' dir='ltr'>priore</span> <span class='ocrx_word' id='word_1_114' title='bbox 995 2595 1071 2650; x_wconf 91' lang='lat' dir='ltr'>libro</span> <span class='ocrx_word' id='word_1_115' title='bbox 1098 2595 1191 2652; x_wconf 89' lang='lat' dir='ltr'>etiam</span> <span class='ocrx_word' id='word_1_116' title='bbox 1214 2595 1348 2653; x_wconf 91' lang='lat' dir='ltr'>Lucilius</span> <span class='ocrx_word' id='word_1_117' title='bbox 1358 2589 1377 2670; x_wconf 74' lang='lat'>³,</span> 
     </span>
     <span class='ocr_line' id='line_1_14' title="bbox 277 2694 1377 2768; baseline 0.001 -16"><span class='ocrx_word' id='word_1_118' title='bbox 277 2695 352 2754; x_wconf 89' lang='lat' dir='ltr'>aC.</span> <span class='ocrx_word' id='word_1_119' title='bbox 376 2695 411 2752; x_wconf 91' lang='lat' dir='ltr'>F.</span> <span class='ocrx_word' id='word_1_120' title='bbox 434 2694 613 2752; x_wconf 88' lang='lat' dir='ltr'>Hermanno</span> <span class='ocrx_word' id='word_1_121' title='bbox 658 2694 763 2751; x_wconf 94' lang='lat' dir='ltr'>Lucilii</span> <span class='ocrx_word' id='word_1_122' title='bbox 794 2712 907 2751; x_wconf 91' lang='lat' dir='ltr'>nomen</span> <span class='ocrx_word' id='word_1_123' title='bbox 933 2703 1018 2751; x_wconf 89' lang='lat' dir='ltr'>recte</span> <span class='ocrx_word' id='word_1_124' title='bbox 1051 2696 1187 2752; x_wconf 90' lang='lat' dir='ltr'>deletum</span> <span class='ocrx_word' id='word_1_125' title='bbox 1209 2705 1257 2752; x_wconf 89' lang='lat' dir='ltr'>est</span> <span class='ocrx_word' id='word_1_126' title='bbox 1279 2694 1377 2768; x_wconf 86' lang='lat' dir='ltr'>(conf.</span> 
     </span>
     <span class='ocr_line' id='line_1_15' title="bbox 276 2790 1377 2869; baseline 0 -16"><span class='ocrx_word' id='word_1_127' title='bbox 276 2796 407 2854; x_wconf 81' lang='lat' dir='ltr'>Mueller</span> <span class='ocrx_word' id='word_1_128' title='bbox 432 2796 505 2854; x_wconf 89' lang='lat' dir='ltr'>edit.</span> <span class='ocrx_word' id='word_1_129' title='bbox 528 2813 556 2869; x_wconf 91' lang='lat' dir='ltr'>p.</span> <span class='ocrx_word' id='word_1_130' title='bbox 585 2790 664 2869; x_wconf 84' lang='lat'>167).</span> <span class='ocrx_word' id='word_1_131' title='bbox 709 2793 790 2851; x_wconf 89' lang='lat' dir='ltr'>Dein</span> <span class='ocrx_word' id='word_1_132' title='bbox 823 2804 856 2851; x_wconf 88' lang='lat' dir='ltr'>ut</span> <span class='ocrx_word' id='word_1_133' title='bbox 889 2795 979 2852; x_wconf 87' lang='lat' dir='ltr'>fuerit</span> <span class='ocrx_word' id='word_1_134' title='bbox 1001 2796 1135 2853; x_wconf 91' lang='lat' dir='ltr'>Lucilius</span> <span class='ocrx_word' id='word_1_135' title='bbox 1170 2797 1263 2853; x_wconf 91' lang='lat' dir='ltr'>durus</span> <span class='ocrx_word' id='word_1_136' title='bbox 1290 2815 1377 2854; x_wconf 93' lang='lat' dir='ltr'>com·</span> 
     </span>
     <span class='ocr_line' id='line_1_16' title="bbox 276 2896 1375 2974; baseline -0.002 -18"><span class='ocrx_word' id='word_1_137' title='bbox 276 2916 392 2974; x_wconf 90' lang='lat' dir='ltr'>ponere</span> <span class='ocrx_word' id='word_1_138' title='bbox 416 2915 533 2964; x_wconf 78' lang='lat' dir='ltr'>uersuS,</span> <span class='ocrx_word' id='word_1_139' title='bbox 555 2897 615 2956; x_wconf 90' lang='lat' dir='ltr'>iste</span> <span class='ocrx_word' id='word_1_140' title='bbox 645 2904 708 2954; x_wconf 89' lang='lat' dir='ltr'>tam</span> <span class='ocrx_word' id='word_1_141' title='bbox 736 2896 847 2954; x_wconf 87' lang='lat' dir='ltr'>foedus</span> <span class='ocrx_word' id='word_1_142' title='bbox 870 2906 918 2955; x_wconf 91' lang='lat' dir='ltr'>est</span> <span class='ocrx_word' id='word_1_143' title='bbox 939 2897 1126 2966; x_wconf 84' lang='lat' dir='ltr'>hexameter,</span> <span class='ocrx_word' id='word_1_144' title='bbox 1160 2906 1193 2954; x_wconf 87' lang='lat' dir='ltr'>ut</span> <span class='ocrx_word' id='word_1_145' title='bbox 1226 2915 1286 2972; x_wconf 83' lang='lat' dir='ltr'>ego</span> <span class='ocrx_word' id='word_1_146' title='bbox 1323 2898 1375 2954; x_wconf 90' lang='lat' dir='ltr'>uel</span> 
     </span>
     <span class='ocr_line' id='line_1_17' title="bbox 276 2996 1377 3074; baseline 0 -18"><span class='ocrx_word' id='word_1_147' title='bbox 276 3000 446 3057; x_wconf 89' lang='lat' dir='ltr'>trochaicos</span> <span class='ocrx_word' id='word_1_148' title='bbox 477 3015 622 3055; x_wconf 88' lang='lat' dir='ltr'>numeros</span> <span class='ocrx_word' id='word_1_149' title='bbox 655 2998 770 3074; x_wconf 86' lang='lat' dir='ltr'>fingere</span> <span class='ocrx_word' id='word_1_150' title='bbox 799 2999 909 3056; x_wconf 90' lang='lat' dir='ltr'>malim.</span> <span class='ocrx_word' id='word_1_151' title='bbox 955 2996 1050 3068; x_wconf 92' lang='lat' dir='ltr'>Quod</span> <span class='ocrx_word' id='word_1_152' title='bbox 1084 3000 1166 3056; x_wconf 91' lang='lat' dir='ltr'>idem</span> <span class='ocrx_word' id='word_1_153' title='bbox 1199 2999 1255 3056; x_wconf 93' lang='lat' dir='ltr'>uiri</span> <span class='ocrx_word' id='word_1_154' title='bbox 1289 2999 1377 3056; x_wconf 89' lang='lat' dir='ltr'>docti</span> 
     </span>
     <span class='ocr_line' id='line_1_18' title="bbox 276 3097 1378 3174; baseline -0.001 -17"><span class='ocrx_word' id='word_1_155' title='bbox 276 3097 486 3174; x_wconf 90' lang='lat' dir='ltr'>Lachmann¹)</span> <span class='ocrx_word' id='word_1_156' title='bbox 517 3098 646 3155; x_wconf 87' lang='lat' dir='ltr'>Mueller</span> <span class='ocrx_word' id='word_1_157' title='bbox 669 3098 817 3156; x_wconf 89' lang='lat' dir='ltr'>Dziatzko</span> <span class='ocrx_word' id='word_1_158' title='bbox 840 3100 888 3157; x_wconf 90' lang='lat' dir='ltr'>alii</span> <span class='ocrx_word' id='word_1_159' title='bbox 908 3099 1123 3174; x_wconf 82' lang='lat' dir='ltr'>intellegentes</span> <span class='ocrx_word' id='word_1_160' title='bbox 1153 3100 1248 3157; x_wconf 90' lang='lat' dir='ltr'>uerba</span> <span class='ocrx_word' id='word_1_161' title='bbox 1274 3099 1378 3156; x_wconf 88' lang='lat' dir='ltr'>multi-</span> 
     </span>
     <span class='ocr_line' id='line_1_19' title="bbox 276 3200 1376 3277; baseline 0 -19"><span class='ocrx_word' id='word_1_162' title='bbox 276 3201 382 3258; x_wconf 86' lang='lat' dir='ltr'>fariam</span> <span class='ocrx_word' id='word_1_163' title='bbox 404 3208 673 3275; x_wconf 90' lang='lat' dir='ltr'>transposuerunt:</span> <span class='ocrx_word' id='word_1_164' title='bbox 697 3218 786 3277; x_wconf 68' lang='lat' dir='ltr'>quaev</span> <span class='ocrx_word' id='word_1_165' title='bbox 801 3200 988 3257; x_wconf 90' lang='lat' dir='ltr'>emendandi</span> <span class='ocrx_word' id='word_1_166' title='bbox 1007 3202 1171 3259; x_wconf 87' lang='lat' dir='ltr'>conamina</span> <span class='ocrx_word' id='word_1_167' title='bbox 1192 3217 1376 3258; x_wconf 87' lang='lat' dir='ltr'>enumerare</span> 
     </span>
     <span class='ocr_line' id='line_1_20' title="bbox 275 3299 1375 3376; baseline 0.001 -18"><span class='ocrx_word' id='word_1_168' title='bbox 275 3319 338 3358; x_wconf 93' lang='lat' dir='ltr'>non</span> <span class='ocrx_word' id='word_1_169' title='bbox 361 3301 460 3372; x_wconf 86' lang='lat' dir='ltr'>refert,</span> <span class='ocrx_word' id='word_1_170' title='bbox 486 3318 554 3357; x_wconf 93' lang='lat' dir='ltr'>cum</span> <span class='ocrx_word' id='word_1_171' title='bbox 576 3299 648 3357; x_wconf 91' lang='lat' dir='ltr'>nihil</span> <span class='ocrx_word' id='word_1_172' title='bbox 671 3301 701 3358; x_wconf 92' lang='lat' dir='ltr'>in</span> <span class='ocrx_word' id='word_1_173' title='bbox 722 3320 756 3358; x_wconf 92' lang='lat' dir='ltr'>re</span> <span class='ocrx_word' id='word_1_174' title='bbox 789 3301 893 3358; x_wconf 89' lang='lat' dir='ltr'>critica</span> <span class='ocrx_word' id='word_1_175' title='bbox 915 3301 1115 3374; x_wconf 88' lang='lat' dir='ltr'>periculosius</span> <span class='ocrx_word' id='word_1_176' title='bbox 1145 3303 1182 3358; x_wconf 92' lang='lat' dir='ltr'>sit</span> <span class='ocrx_word' id='word_1_177' title='bbox 1206 3303 1375 3376; x_wconf 89' lang='lat' dir='ltr'>transposi-</span> 
     </span>
     <span class='ocr_line' id='line_1_21' title="bbox 275 3401 1373 3477; baseline 0 -18"><span class='ocrx_word' id='word_1_178' title='bbox 275 3402 417 3460; x_wconf 91' lang='lat' dir='ltr'>tionibus.</span> <span class='ocrx_word' id='word_1_179' title='bbox 462 3401 543 3458; x_wconf 90' lang='lat' dir='ltr'>Tum</span> <span class='ocrx_word' id='word_1_180' title='bbox 566 3420 620 3459; x_wconf 94' lang='lat' dir='ltr'>cur</span> <span class='ocrx_word' id='word_1_181' title='bbox 641 3402 766 3458; x_wconf 88' lang='lat' dir='ltr'>omnino</span> <span class='ocrx_word' id='word_1_182' title='bbox 791 3410 916 3476; x_wconf 88' lang='lat' dir='ltr'>poetam</span> <span class='ocrx_word' id='word_1_183' title='bbox 946 3403 1112 3477; x_wconf 88' lang='lat' dir='ltr'>appellauit</span> <span class='ocrx_word' id='word_1_184' title='bbox 1136 3401 1316 3460; x_wconf 86' lang='lat' dir='ltr'>Cornificius</span> <span class='ocrx_word' id='word_1_185' title='bbox 1339 3403 1373 3459; x_wconf 90' lang='lat' dir='ltr'>in</span> 
     </span>
     <span class='ocr_line' id='line_1_22' title="bbox 275 3499 1376 3578; baseline 0 -18"><span class='ocrx_word' id='word_1_186' title='bbox 275 3502 503 3560; x_wconf 89' lang='lat' dir='ltr'>traiectionibus</span> <span class='ocrx_word' id='word_1_187' title='bbox 536 3499 743 3578; x_wconf 83' lang='lat' dir='ltr'>castigandis?</span> <span class='ocrx_word' id='word_1_188' title='bbox 792 3503 891 3561; x_wconf 89' lang='lat' dir='ltr'>Nemo</span> <span class='ocrx_word' id='word_1_189' title='bbox 927 3512 1022 3578; x_wconf 90' lang='lat' dir='ltr'>poeta</span> <span class='ocrx_word' id='word_1_190' title='bbox 1051 3504 1146 3560; x_wconf 87' lang='lat' dir='ltr'>uerba</span> <span class='ocrx_word' id='word_1_191' title='bbox 1178 3521 1241 3560; x_wconf 91' lang='lat' dir='ltr'>non</span> <span class='ocrx_word' id='word_1_192' title='bbox 1274 3504 1376 3560; x_wconf 90' lang='lat' dir='ltr'>traicit</span> 
     </span>
     <span class='ocr_line' id='line_1_23' title="bbox 274 3598 1376 3680; baseline 0 -20"><span class='ocrx_word' id='word_1_193' title='bbox 274 3621 376 3680; x_wconf 91' lang='lat' dir='ltr'>neque</span> <span class='ocrx_word' id='word_1_194' title='bbox 396 3603 427 3661; x_wconf 91' lang='lat' dir='ltr'>in</span> <span class='ocrx_word' id='word_1_195' title='bbox 453 3621 544 3661; x_wconf 91' lang='lat' dir='ltr'>uersu</span> <span class='ocrx_word' id='word_1_196' title='bbox 568 3605 675 3662; x_wconf 92' lang='lat' dir='ltr'>Lucilii</span> <span class='ocrx_word' id='word_1_197' title='bbox 698 3604 759 3661; x_wconf 92' lang='lat' dir='ltr'>ulla</span> <span class='ocrx_word' id='word_1_198' title='bbox 781 3613 869 3680; x_wconf 89' lang='lat' dir='ltr'>paret</span> <span class='ocrx_word' id='word_1_199' title='bbox 892 3605 1024 3663; x_wconf 89' lang='lat' dir='ltr'>audacia</span> <span class='ocrx_word' id='word_1_200' title='bbox 1047 3622 1117 3662; x_wconf 90' lang='lat' dir='ltr'>cum</span> <span class='ocrx_word' id='word_1_201' title='bbox 1139 3605 1242 3663; x_wconf 93' lang='lat' dir='ltr'>scribit</span> <span class='ocrx_word' id='word_1_202' title='bbox 1277 3598 1376 3661; x_wconf 83' lang='lat' dir='ltr'>‘Luci</span> 
     </span>
     <span class='ocr_line' id='line_1_24' title="bbox 274 3683 1208 3781; baseline 0.003 -19"><span class='ocrx_word' id='word_1_203' title='bbox 274 3706 410 3762; x_wconf 92' lang='lat' dir='ltr'>misimus</span> <span class='ocrx_word' id='word_1_204' title='bbox 433 3700 531 3763; x_wconf 87' lang='lat' dir='ltr'>Aeli&#39;:</span> <span class='ocrx_word' id='word_1_205' title='bbox 556 3706 637 3767; x_wconf 82' lang='lat' dir='ltr'>coni.</span> <span class='ocrx_word' id='word_1_206' title='bbox 658 3705 749 3763; x_wconf 91' lang='lat' dir='ltr'>Ennii</span> <span class='ocrx_word' id='word_1_207' title='bbox 771 3724 878 3764; x_wconf 90' lang='lat' dir='ltr'>uersus</span> <span class='ocrx_word' id='word_1_208' title='bbox 903 3683 986 3781; x_wconf 80' lang='lat' dir='ltr'>apud</span> <span class='ocrx_word' id='word_1_209' title='bbox 1009 3705 1123 3766; x_wconf 90' lang='lat' dir='ltr'>Cornif.</span> <span class='ocrx_word' id='word_1_210' title='bbox 1148 3706 1164 3766; x_wconf 89' lang='lat' dir='ltr'>l.</span> <span class='ocrx_word' id='word_1_211' title='bbox 1192 3707 1208 3766; x_wconf 93' lang='lat' dir='ltr'>l.</span> 
     </span>
    </p>

    <p class='ocr_par' dir='ltr' id='par_1_3' title="bbox 274 3797 1375 4083">
     <span class='ocr_line' id='line_1_25' title="bbox 376 3797 1131 3883; baseline 0 -19"><span class='ocrx_word' id='word_1_212' title='bbox 376 3805 403 3864; x_wconf 91' lang='grc' dir='ltr'>Ο</span> <span class='ocrx_word' id='word_1_213' title='bbox 424 3805 495 3864; x_wconf 92' lang='lat' dir='ltr'>Tite</span> <span class='ocrx_word' id='word_1_214' title='bbox 518 3815 585 3864; x_wconf 90' lang='lat' dir='ltr'>tute</span> <span class='ocrx_word' id='word_1_215' title='bbox 607 3806 679 3864; x_wconf 91' lang='lat' dir='ltr'>Tati</span> <span class='ocrx_word' id='word_1_216' title='bbox 700 3807 754 3864; x_wconf 93' lang='lat' dir='ltr'>tibi</span> <span class='ocrx_word' id='word_1_217' title='bbox 777 3815 864 3865; x_wconf 88' lang='lat' dir='ltr'>tanta</span> <span class='ocrx_word' id='word_1_218' title='bbox 887 3797 1015 3883; x_wconf 81' lang='lat' dir='ltr'>tyranne</span> <span class='ocrx_word' id='word_1_219' title='bbox 1038 3808 1131 3865; x_wconf 91' lang='lat' dir='ltr'>tulisti</span> 
     </span>
     <span class='ocr_line' id='line_1_26' title="bbox 274 3906 1373 3984; baseline -0.001 -19"><span class='ocrx_word' id='word_1_220' title='bbox 274 3906 404 3965; x_wconf 85' lang='lat' dir='ltr'>Adferre</span> <span class='ocrx_word' id='word_1_221' title='bbox 417 3907 525 3966; x_wconf 90' lang='lat' dir='ltr'>debuit</span> <span class='ocrx_word' id='word_1_222' title='bbox 537 3908 639 3965; x_wconf 89' lang='lat' dir='ltr'>rhetor</span> <span class='ocrx_word' id='word_1_223' title='bbox 654 3909 833 3983; x_wconf 90' lang='lat' dir='ltr'>scriptorem</span> <span class='ocrx_word' id='word_1_224' title='bbox 849 3910 996 3966; x_wconf 89' lang='lat' dir='ltr'>sermonis</span> <span class='ocrx_word' id='word_1_225' title='bbox 1014 3909 1174 3984; x_wconf 88' lang='lat' dir='ltr'>pedestris.</span> <span class='ocrx_word' id='word_1_226' title='bbox 1199 3908 1292 3984; x_wconf 81' lang='lat' dir='ltr'>Atqui</span> <span class='ocrx_word' id='word_1_227' title='bbox 1309 3907 1373 3964; x_wconf 87' lang='lat' dir='ltr'>Lu·</span> 
     </span>
     <span class='ocr_line' id='line_1_27' title="bbox 275 4007 1375 4083; baseline 0.001 -19"><span class='ocrx_word' id='word_1_228' title='bbox 275 4008 362 4064; x_wconf 83' lang='lat' dir='ltr'>cilius</span> <span class='ocrx_word' id='word_1_229' title='bbox 372 4008 403 4064; x_wconf 92' lang='lat' dir='ltr'>in</span> <span class='ocrx_word' id='word_1_230' title='bbox 418 4007 526 4065; x_wconf 93' lang='lat' dir='ltr'>codice</span> <span class='ocrx_word' id='word_1_231' title='bbox 539 4008 622 4066; x_wconf 92' lang='lat' dir='ltr'>nullo</span> <span class='ocrx_word' id='word_1_232' title='bbox 634 4008 800 4066; x_wconf 91' lang='lat' dir='ltr'>inuenitur:</span> <span class='ocrx_word' id='word_1_233' title='bbox 825 4009 993 4066; x_wconf 89' lang='lat' dir='ltr'>deteriores</span> <span class='ocrx_word' id='word_1_234' title='bbox 1011 4007 1134 4066; x_wconf 81' lang='lat' dir='ltr'>Cecilz&#39;us</span> <span class='ocrx_word' id='word_1_235' title='bbox 1143 4009 1303 4083; x_wconf 85' lang='lat' dir='ltr'>praebent,</span> <span class='ocrx_word' id='word_1_236' title='bbox 1316 4027 1375 4083; x_wconf 93' lang='lat' dir='ltr'>op·</span> 
     </span>
    </p>
   </div>
   <div class='ocr_carea' id='block_1_3' title="bbox 376 4170 711 4241">
    <p class='ocr_par' dir='ltr' id='par_1_4' title="bbox 376 4170 711 4241">
     <span class='ocr_line' id='line_1_28' title="bbox 376 4170 711 4241; baseline 0.006 -19"><span class='ocrx_word' id='word_1_237' title='bbox 376 4170 396 4241; x_wconf 88' lang='lat'>¹)</span> <span class='ocrx_word' id='word_1_238' title='bbox 414 4173 464 4226; x_wconf 90' lang='lat' dir='ltr'>Kl.</span> <span class='ocrx_word' id='word_1_239' title='bbox 485 4174 558 4227; x_wconf 86' lang='lat' dir='ltr'>Schr.</span> <span class='ocrx_word' id='word_1_240' title='bbox 577 4175 605 4223; x_wconf 91' lang='lat'>11</span> <span class='ocrx_word' id='word_1_241' title='bbox 623 4190 647 4239; x_wconf 87' lang='lat' dir='ltr'>p.</span> <span class='ocrx_word' id='word_1_242' title='bbox 669 4173 711 4236; x_wconf 83' lang='lat'>65.</span> 
     </span>
    </p>
   </div>
   <div class='ocr_carea' id='block_1_4' title="bbox 0 0 1494 4752">
    <p class='ocr_par' dir='ltr' id='par_1_5' title="bbox 0 0 1494 4752">
     <span class='ocr_line' id='line_1_29' title="bbox 0 0 1494 4752; baseline 0 3"><span class='ocrx_word' id='word_1_243' title='bbox 0 0 1494 4752; x_wconf 95' lang='lat' dir='ltr'> </span> 
     </span>
    </p>
   </div>
  </div>
 </body>
</html>
