2980 4752
621 1435 624 1442 '
704 1451 828 1511 vrrs.

316 1655 488 1712 Fridericus
512 1655 598 1712 Marx
623 1656 768 1712 Friderici
791 1656 809 1715 s.
832 1665 928 1713 matre
952 1674 968 1712 e
997 1664 1090 1731 gente
1115 1654 1205 1724 Platt,
1239 1655 1310 1711 fidei

217 1755 414 1828 euangelicae
436 1765 528 1813 natus
551 1774 618 1812 sum
640 1756 820 1831 Bessungae
843 1757 912 1813 uico
932 1755 1143 1812 Darmstadtio
1167 1753 1231 1811 urbi
1256 1757 1310 1812 ad·

215 1857 362 1914 haerente
394 1875 475 1914 anno
498 1857 586 1914 huius
620 1858 734 1915 saeculi
756 1857 825 1914 LIX
858 1858 971 1914 mensis
994 1857 1106 1934 Aprilis
1135 1857 1186 1914 dle
1213 1856 1309 1914 XXII.

214 1958 306 2016 Anno
333 1958 435 2016 LXIX
467 1959 616 2034 gymnasii
638 1960 719 2015 urbis
755 1959 870 2033 patriae
904 1958 1069 2032 discipulus
1102 1958 1199 2014 Iactus
1232 1974 1309 2027 sum,

215 2059 300 2115 euius
319 2059 432 2116 classes
455 2076 561 2116 omnes
584 2061 716 2134 percurri
739 2060 900 2135 magistros
924 2059 1063 2135 egregios
1086 2067 1194 2117 nactus
1217 2059 1308 2127 uiros

216 2177 344 2235 quorum
376 2161 572 2237 benignitatis
605 2180 665 2236 qua
698 2161 729 2218 in
761 2179 809 2217 me
841 2169 928 2218 erant
961 2178 1083 2235 semper
1108 2177 1226 2217 memor
1253 2159 1309 2217 erit

214 2261 341 2319 animus.
364 2263 503 2338 Inprimis
526 2264 676 2340 quidquid
699 2281 766 2320 sum
789 2265 853 2320 ulro
869 2263 971 2320 debeo
989 2262 1099 2337 insigni
1118 2261 1308 2320 humanitate

214 2363 364 2435 praedit0‚
396 2362 522 2422 Carolo
549 2362 632 2432 sen,
665 2364 736 2438 phil.
760 2363 889 2431 doctori,
924 2363 1009 2420 uerbi
1042 2362 1138 2418 diuini
1171 2362 1201 2419 in
1233 2363 1308 2419 urbe

210 2463 309 2536 patria
327 2463 473 2533 ministro,
497 2481 578 2521 nunc
598 2472 724 2521 senatus
747 2463 1139 2531 ecclesiastieiconsiliariO,
1163 2464 1215 2539 qui
1238 2482 1307 2521 cum

211 2563 313 2620 multis
347 2572 411 2621 tum
444 2564 526 2630 mihi,
557 2565 609 2642 qui
642 2566 789 2640 puerulus
812 2564 855 2621 VI
886 2581 1036 2622 annorum
1067 2573 1156 2639 patre
1183 2565 1307 2622 orbatus

213 2678 322 2730 essem,
356 2673 388 2720 et
417 2665 499 2721 uitae
531 2675 562 2723 et
590 2667 759 2723 studiorum
793 2668 972 2724 moderator
998 2665 1305 2724 beneuolentissimus

213 2761 335 2820 adiutor
368 2765 587 2824 sincerissimus
611 2766 676 2835 fuit,
710 2776 744 2823 ut
769 2785 871 2843 neque
903 2768 993 2824 dictis
1017 2783 1118 2843 neque
1141 2766 1228 2823 facus
1252 2783 1307 2822 un·

214 2883 304 2942 quam
344 2867 417 2923 satis
455 2867 564 2942 dignas
603 2869 630 2924 ei
666 2863 780 2943 gratias
809 2887 858 2925 me
892 2886 983 2942 agere
1017 2885 1111 2944 posse
1143 2867 1306 2926 confidam.

213 2966 386 3024 Auctumno
409 2970 480 3025 anni
502 2968 649 3026 LXXVII
680 2969 864 3027 maturitatis
895 2969 1100 3026 testimonium
1123 2977 1307 3026 consecutus

212 3068 317 3125 Gissas
340 3087 389 3124 me
412 3070 536 3138 contuli,
560 3071 611 3127 ubi
634 3088 687 3145 per
710 3080 756 3128 ter
776 3089 830 3128 sex
845 3088 968 3127 menses
986 3070 1175 3145 philologiciS
1199 3070 1321 3127 studiis.

210 3186 335 3242 operam
362 3170 449 3229 dedi:
473 3187 546 3226 uere
569 3172 640 3228 anni
661 3171 791 3229 LXXIX
815 3171 894 3229 hanc
916 3172 1023 3228 sedem
1045 3171 1212 3227 litterarum
1233 3170 1305 3238 adii,

209 3270 260 3327 ubi
281 3287 336 3344 per
358 3279 419 3327 tres
441 3289 538 3329 annos
554 3282 587 3329 et
606 3290 659 3330 sex
685 3291 807 3332 menses
822 3273 1008 3349 philologiae
1024 3281 1056 3328 et
1071 3271 1305 3346 archaeologiae

207 3370 250 3427 fui
273 3372 438 3433 studiosus

306 3470 486 3532 Docuerunt
502 3493 551 3532 me
564 3475 619 3533 uiri
632 3477 788 3535 clarissimi
799 3477 943 3554 Bemays‚
956 3476 1115 3552 Birliuger,
1123 3475 1303 3543 Buecheler,

207 3571 335 3641 Clemm‚
352 3574 483 3643 Kekule,
500 3576 575 3644 Leo,
593 3577 618 3654 J.
632 3577 665 3636 B.
679 3578 792 3652 Meyer,
810 3577 948 3646 Oneken‚
965 3577 1104 3653 Philippi,
1116 3575 1304 3644 Schulthess‚

206 3673 336 3742 Usener,
370 3675 499 3746 Vullers,
533 3678 683 3736 Weiland.
743 3679 784 3738 Ut
818 3682 850 3737 ln
884 3681 1046 3737 seminario
1081 3677 1304 3754 philologorum

207 3775 347 3832 Gissensi
381 3794 496 3852 essem,
531 3781 641 3855 insigni
675 3780 814 3839 Clemmii
850 3791 880 3839 et
917 3781 1054 3856 Philippii
1086 3779 1304 3837 beneuolentia

207 3873 320 3934 factum
343 3885 401 3946 est,
424 3880 527 3954 ibique
543 3899 641 3956 paene
657 3901 711 3940 sex
727 3901 850 3941 menses
867 3883 1123 3958 disputationibus
1140 3882 1302 3938 intereram

207 3977 318 4036 sonans
348 3981 536 4040 ordinarius:
572 3984 643 4040 dein
671 3982 840 4041 Buecheler
874 3994 907 4043 et
935 3983 1056 4042 Usener
1087 3983 1219 4056 benigne
1252 4002 1302 4040 me

206 4079 432 4157 adscripserunt
447 4083 603 4141 sodalibus
620 4084 771 4143 seminarii
787 4086 862 4161 regii
878 4085 1061 4154 Bonnensis,
1084 4084 1170 4142 cuius
1187 4083 1302 4142 sodalis

205 4178 248 4237 sui
270 4199 323 4256 per
345 4193 391 4242 ter
411 4203 466 4242 sex
488 4203 619 4256 menses,
648 4204 704 4263 per
726 4204 840 4246 annum
862 4189 973 4247 senior.
1017 4186 1297 4245 Exercitationibus
