2998 4744
732 248 748 310 7

189 420 356 479 nescimus:
389 420 446 478 sed
467 419 713 496 pronuntiandae
744 427 828 476 certo
854 420 987 476 eundem
1009 419 1039 476 in
1061 418 1188 475 modum
1210 425 1290 486 sunt,

188 540 250 598 quo
271 528 299 578 st
317 521 391 579 illud
413 520 612 594 comicorum;
635 537 737 596 neque
760 519 842 578 enim
864 521 1023 596 quisquam
1044 537 1059 576 s
1082 527 1114 576 et
1135 539 1153 576 r
1174 518 1289 577 litteras

189 623 215 681 si
236 642 264 679 er
285 632 317 681 et
339 642 371 680 er
392 622 623 698 pronuntientur
644 641 708 680 non
728 639 797 680 esse
827 622 955 698 syllabas
979 622 1081 680 dicere
1103 628 1155 676 aut
1176 639 1245 678 cum
1265 625 1293 675 st

187 741 266 783 uoce
300 741 477 800 comparare
510 731 628 799 potest;
672 732 754 782 certe
787 722 891 781 Uelius
931 723 997 798 ipse
1028 723 1059 780 in
1093 721 1290 797 sequentibus

188 817 232 904 (p.
255 839 305 900 47,
334 819 384 901 13)
406 843 432 881 x
452 825 584 882 litteram
605 842 668 882 non
683 832 776 882 uocat
797 825 843 892 eac,
869 824 975 891 sedes,
998 839 1089 898 quam
1104 821 1179 880 dicit
1200 821 1291 896 signi·

188 921 310 1000 ficare¹l
334 924 457 1001 aliquid,
475 941 533 982 nec
555 933 659 982 tamen
681 941 750 982 esse
773 924 921 1000 syllabam
942 932 993 981 aut
1015 923 1105 983 lexin.
1127 922 1208 980 Hinc
1226 921 1290 980 effi·

188 1025 264 1084 citur
274 1025 394 1084 Uelium
416 1032 499 1083 certe
520 1025 570 1083 uel
585 1026 650 1084 eius
661 1033 817 1083 auctorem
838 1043 903 1083 non
917 1025 1030 1100 legisse
1044 1024 1127 1100 apud
1140 1018 1289 1081 Lucilium

188 1144 279 1195 eser,
307 1125 364 1182 sed
384 1143 427 1182 sss
452 1144 516 1185 rrr.
538 1155 574 1166 -
599 1124 665 1183 Iam
686 1126 729 1184 ad
750 1125 844 1184 uerba
866 1125 971 1184 Lucilii
993 1126 1164 1184 redeamus.
1208 1123 1291 1181 Sicut

186 1227 218 1284 in
238 1226 287 1290 illo
310 1226 482 1302 fragmento
512 1228 597 1302 quod
628 1234 723 1286 antea
755 1227 883 1285 tractaui
914 1226 1077 1286 nonnullos
1109 1224 1291 1301 uituperauit

188 1310 239 1404 qui
260 1346 316 1403 pro
331 1327 474 1386 Romano
495 1329 619 1386 nomine
635 1328 788 1388 Graecum
805 1331 906 1406 potius
922 1330 1043 1387 litterae
1059 1329 1288 1404 simponerent,

188 1429 231 1486 sic
254 1428 285 1485 in
306 1428 406 1486 littera
427 1430 634 1488 antecedente
656 1448 671 1486 r
692 1432 733 1487 de
764 1432 888 1489 nomine
911 1431 1064 1507 copiosius
1091 1447 1161 1486 eum
1189 1429 1290 1504 egisse

188 1528 260 1588 mihi
280 1529 400 1588 uidetur
422 1547 462 1586 ex
482 1530 542 1589 hoc
564 1531 736 1605 fragmento
759 1531 848 1600 effici,
871 1533 1116 1609 quodtanquam
1137 1531 1169 1587 in
1191 1529 1289 1587 diuer-

189 1630 270 1688 bium
293 1631 457 1707 disponere
477 1631 570 1689 uelim
592 1631 671 1691 hunc
692 1633 724 1690 in
745 1633 872 1692 modum
892 1640 1081 1692 correctum:

271 1751 371 1790 rnon
388 1732 462 1801 uult,
484 1750 556 1790 nam
578 1741 627 1790 est
651 1733 711 1792 hoc
731 1733 975 1808 cacosyntheton
998 1741 1090 1810 atque
1113 1733 1222 1790 canina

272 1833 316 1892 sic
338 1833 440 1910 lingua
460 1835 541 1894 dico.
567 1865 602 1875 -
628 1833 708 1892 Nihil
731 1836 854 1903 adme,
876 1853 991 1893 nomen
1013 1834 1072 1892 hoc
1093 1833 1132 1892 illi
1155 1841 1211 1894 est.

187 1933 292 1992 Uerba
313 1935 385 1992 inde
406 1954 426 1993 a
446 1935 526 1992 nihil
550 1936 702 1994 uocabulo
722 1935 828 1994 Lucilii
849 1943 928 2004 sunt,
961 1936 1012 2011 qui
1034 1937 1127 2004 dicat,
1160 1953 1195 1992 se
1218 1933 1289 1992 nihil

187 2035 308 2105 morari,
340 2036 426 2113 quod
447 2036 568 2105 AcciuS,
588 2055 692 2112 ¹quem
716 2036 905 2095 Graecormn
935 2054 1020 2094 more
1052 2055 1137 2094 scena
1160 2035 1291 2111 aggulus

187 2136 317 2194 Hectora
343 2137 500 2212 scripsisse
522 2139 666 2196 traditum
696 2146 754 2206 est,
786 2137 861 2196 nolit
884 2137 944 2196 dici
965 2157 1029 2206 rrr,
1063 2139 1120 2196 sed
1140 2131 1195 2211 ῥῶ,
1219 2135 1289 2212 quia

186 2258 242 2295 rrr
264 2237 508 2314 cacosyntheton
530 2240 569 2298 sit
590 2257 691 2316 neque
713 2239 867 2298 humanae
884 2240 941 2296 sed
956 2239 1084 2297 caninae
1099 2238 1219 2312 linguae
1234 2256 1290 2314 po·

186 2339 244 2397 tius
267 2339 430 2414 proprium,
451 2358 521 2398 cum
543 2335 588 2414 ῥῶ
608 2340 760 2399 Graecum
780 2341 891 2398 iustum
913 2341 952 2398 sit
973 2340 1100 2397 uerbum
1123 2339 1289 2415 meliusque

186 2441 374 2516 pronuntiari
395 2440 501 2516 possit.
544 2440 581 2498 In
614 2459 706 2500 uersu
734 2441 834 2518 priore
859 2441 1005 2518 quoniam
1035 2441 1088 2498 troc
1108 2440 1289 2498 uocabulum

185 2541 312 2616 languet
343 2541 369 2598 si
396 2560 489 2599 unum
517 2543 590 2600 inde
614 2562 633 2601 a
654 2543 753 2601 littera
772 2562 790 2599 r
821 2559 919 2618 usque
952 2543 993 2599 ad
1026 2540 1235 2615 cacosyntheton
1257 2539 1290 2598 fit
1325 2527 1327 2532 ¹

186 2642 385 2719 enuntiatum,
420 2644 482 2701 duo
502 2643 624 2702 efficere
647 2644 738 2702 malui
759 2644 801 2701 ita
834 2651 868 2701 ut
900 2644 1091 2719 praecedant
1123 2642 1201 2700 haec
1225 2642 1288 2699 fere

185 2735 296 2819 ‘quare
317 2742 421 2802 Acciu'
445 2739 523 2802 dici'
544 2763 558 2802 r
580 2764 644 2804 non
666 2745 730 2803 uult
751 2764 778 2806 e.
792 2763 822 2820 q.
835 2761 859 2804 s,
904 2743 946 2802 Ut
963 2762 1001 2802 ea
1023 2761 1103 2820 quae
1118 2744 1206 2819 posui
1226 2762 1290 2801 non

186 2843 298 2919 probes
321 2845 431 2915 omnia,
459 2853 565 2904 tamen
586 2846 661 2904 illud
684 2854 767 2904 certe
790 2863 828 2902 ex
852 2845 918 2904 istis
941 2846 1060 2903 duobus
1083 2844 1188 2903 Lucilii
1210 2844 1290 2920 frag·
1375 2853 1377 2858 '

186 2945 297 3004 mentis
320 2955 456 3022 apparet,
488 2948 654 3005 litterarum
681 2949 806 3006 nomina
839 2947 926 3006 huius
961 2956 1129 3006 satmarum
1161 2947 1227 3006 libri
1246 2947 1290 3004 IX

186 3057 325 3124 tempore
347 3050 485 3108 nondum
507 3068 547 3108 ea
568 3050 607 3108 ab
630 3050 769 3107 omnibus
793 3049 897 3124 agnita
920 3066 989 3106 esse
1002 3065 1082 3124 quae
1102 3063 1288 3122 agramma-

186 3151 253 3208 ticis
275 3151 476 3226 posteriorum
498 3151 701 3221 saeculorum
726 3152 783 3208 sed
805 3150 953 3209 Lucilium
981 3149 1090 3225 partim
1113 3167 1222 3206 sonum
1243 3148 1290 3204 lit·

187 3259 271 3308 terae
292 3269 348 3327 pro
377 3253 501 3311 nomine
531 3253 681 3329 posuisse,
711 3252 821 3328 partim
844 3251 1032 3310 Graecorum
1055 3250 1180 3308 nomina
1203 3248 1289 3307 adhi-

186 3351 298 3411 buisse.
342 3351 505 3426 Nomina²l
534 3371 609 3414 uero
631 3353 798 3412 litterarum
819 3369 866 3422 ea,
896 3369 975 3428 quae
1003 3369 1100 3428 usque
1121 3353 1163 3410 ad
1183 3359 1289 3410 nostra

297 3633 319 3702 ¹)
337 3635 399 3685 Non
421 3642 492 3685 recte
509 3635 576 3687 Keil
595 3635 700 3702 scripsit
718 3634 767 3687 1.1.
787 3633 836 3684 ‘sic
856 3634 924 3684 enim
937 3637 1057 3685 litteram
1069 3633 1213 3695 uocamus’,
1233 3649 1291 3683 cum

187 3729 258 3773 recte
268 3723 363 3772 Uelius
383 3723 453 3772 dicat
472 3738 499 3772 cs
519 3723 575 3772 sine
585 3741 601 3772 x
614 3738 673 3772 esse
684 3722 842 3781 uocantium,
861 3722 928 3771 sicut
946 3728 971 3770 st
980 3737 1046 3771 uoce
1060 3730 1146 3772 tacere
1160 3721 1289 3779 iubemur,

187 3812 328 3875 digitorum
346 3811 446 3877 crepitu
463 3811 539 3877 pueri
557 3812 591 3861 ad
609 3811 823 3878 respondendum
842 3811 949 3862 cientur.

288 3899 311 3967 ²)
329 3899 412 3964 Apud
429 3899 515 3951 Plaut.
536 3900 617 3951 Merc.
639 3911 690 3963 304
700 3900 729 3948 R
749 3899 896 3950 litterarum
914 3915 993 3949 sonos
1006 3898 1216 3964 pronominibus
1230 3912 1289 3947 esse

186 3996 272 4041 metro
291 3988 426 4047 euincitun
446 4004 505 4038 cum
523 3988 593 4038 dicat
610 3988 677 4038 haec
694 3988 839 4056 Demipho:

338 4075 429 4125 Hodie
448 4077 486 4126 ire
505 4077 597 4142 occepi
614 4077 643 4127 in
660 4077 754 4128 ludum
772 4077 928 4127 litterarium

336 4165 504 4228 Luslmacbe,
522 4174 609 4216 ternas
626 4167 682 4217 scio
699 4167 759 4218 iam.
776 4167 807 4218 L.
827 4166 897 4232 Quid
917 4161 1027 4218 ternis?
1045 4165 1079 4215 D.
1098 4163 1168 4213 ΑΜ
1178 4162 1208 4216 0.
