2998 4744
197 412 260 478 εἰσι
281 414 477 492 θεωρητικαί,
508 413 541 477 αί
571 413 607 476 δὲ
639 411 814 490 πρακτικαί,
850 410 881 474 αἱ
909 413 946 474 δὲ
967 412 1134 489 ποιητικαί.
1178 415 1299 472 Eadem

196 520 269 578 dicit
289 519 400 577 Latine
423 519 546 590 Quintil.
570 517 599 575 11
624 517 660 574 18
683 511 777 574 ‘Cum
801 517 862 573 sint
886 524 988 574 autem
1011 517 1118 574 artium
1142 517 1218 574 aliae
1243 535 1299 592 po·

195 621 275 679 sitae
297 621 329 677 in
350 621 541 697 inspectione
565 665 572 679 .
595 665 602 678 .
626 666 632 678 .
656 620 733 676 aliae
744 619 776 676 in
793 620 916 692 agendo
939 664 946 679 .
972 663 979 678 .
1002 665 1008 678 .
1033 619 1110 676 aliae
1133 619 1163 674 in
1180 618 1299 678 effectu.

92 743 94 748 ¹
195 741 278 798 quae
300 721 410 797 operis
434 722 519 797 quod
539 720 632 778 oculis
655 719 806 789 subicitur,
830 721 1094 777 consummatione
1114 720 1206 777 finem
1221 721 1298 777 acci-

194 815 299 900 piunt,¹
326 842 417 899 quam
447 817 612 896 ποιητικὴν
635 815 835 896 appellamus'
863 840 891 880 e.
911 839 939 896 q.
962 838 986 878 ο.
1021 819 1110 880 Conf.
1138 831 1298 898 praeterea

195 925 275 985 Plat.
316 924 407 1000 Soph.
435 942 464 998 p.
492 921 629 996 219131)
654 921 713 996 265
742 923 770 980 Α
803 923 928 980 Aristot.
965 923 1006 980 de
1043 931 1120 998 part.
1157 925 1248 983 anim.
1277 941 1298 982 α

194 1047 226 1104 p.
237 1026 317 1098 640²
341 1041 393 1101 27:
423 1016 562 1099 Ὁμοίως
594 1021 709 1085 δὲκαὶ
736 1020 787 1084 ἐπὶ
814 1023 879 1085 τῶν
901 1019 1091 1100 αὐτομάτως
1115 1021 1298 1086 δοκούντων

195 1126 349 1203 γίνεσθαι,
382 1123 525 1202 καθάπερ
560 1123 687 1187 καὶέπὶ
720 1125 786 1187 τῶν
808 1125 1004 1200 τεχναστῶν.
1048 1121 1141 1187 Ἔνια
1163 1123 1225 1202 γὰρ
1247 1123 1299 1186 καὶ

196 1226 263 1291 ἀπὸ
285 1224 487 1304 ταύτομάτου
508 1224 628 1300 γίνεται
650 1223 751 1288 ταύτὰ
774 1227 844 1302 τοῖς
867 1222 931 1288 ἀπὸ
953 1224 1070 1302 τέχνης
1092 1222 1165 1288 οἷον
1187 1224 1297 1301 ὑγίεια.

196 1328 269 1392 Τῶν
291 1325 428 1405 μὲνοῦν
450 1325 649 1404 προϋπάρχει
671 1325 708 1388 τὸ
730 1325 904 1404 ποιητικόν,
938 1323 1011 1389 οἷον
1036 1324 1299 1404 ἀνδριαντοποιη-

195 1427 282 1506 τική·
315 1427 354 1492 οὐ
376 1427 438 1505 γὰρ
459 1426 579 1502 γίνεται
602 1425 793 1505 αὐτόματον.
822 1430 937 1506 Magna
958 1447 1033 1486 mor.
1063 1447 1084 1489 α
1107 1449 1136 1505 p.
1166 1428 1297 1504 1197²3

196 1528 290 1592 Ἔστι
322 1528 361 1606 δὴ
386 1531 451 1592 τῶν
472 1527 672 1606 ποιουμένων
706 1527 758 1588 καὶ
791 1527 1020 1605 πραττομένων
1053 1526 1093 1590 οὐ
1128 1526 1228 1591 ταύτὸ
1261 1527 1299 1590 τὸ

197 1629 362 1707 ποιητικὸν
380 1630 431 1692 καὶ
445 1627 631 1708 πρακτικόν·
653 1631 718 1692 τῶν
733 1629 790 1706 μὲν
811 1628 873 1707 γὰρ
888 1631 1062 1705 ποιητικῶν
1077 1627 1145 1691 ἐστί
1161 1649 1190 1691 τι
1211 1627 1299 1706 παρὰ

200 1732 256 1808 τὴν
278 1731 408 1809 ποίησιν
430 1729 510 1794 ἄλλο
533 1731 637 1809 τέλος,
661 1727 733 1794 οἷον
755 1729 843 1808 παρὰ
871 1730 929 1806 τὴν
952 1727 1166 1808 οἰκοδομικήν,
1189 1728 1298 1806 ἐπειδή

198 1833 267 1897 ἐστι
288 1834 434 1911 ποιητικὴ
457 1831 568 1910 οἰκίας,
591 1831 674 1897 οἰκία
690 1831 790 1910 αὐτῆς
813 1833 851 1896 τὸ
873 1832 968 1909 τέλος
983 1831 1072 1909 παρὰ
1086 1832 1144 1908 τὴν
1159 1831 1298 1907 ποίησιν.

194 1933 335 2014 Ὁμοίως
357 1934 408 1998 ἐπὶ
429 1937 613 2012 τεκτονικῆς
635 1935 774 1998 καὶτῶν
797 1932 904 1998 ἄλλων
926 1936 991 1997 τῶν
1005 1935 1185 2010 ποιητικῶν.
1220 1934 1299 2010 Top.

196 2041 264 2116 Zp.
292 2051 372 2114 145²
398 2055 433 2097 12
456 2040 592 2116 Metaph.
618 2056 633 2100 ε
662 2057 691 2115 p.
719 2039 818 2112 1025b
844 2053 893 2111 25.
940 2038 1086 2095 Poeelicon
1119 2037 1191 2095 illud
1220 2037 1270 2094 rel
1287 2066 1301 2078 ·

196 2150 280 2200 ratur
299 2159 429 2199 necesse
456 2149 504 2198 est
531 2144 572 2198 ad
596 2141 676 2198 hanc
705 2141 744 2197 de
768 2141 882 2198 artibus
906 2141 1085 2215 doctrinam,
1113 2157 1203 2215 quam
1226 2137 1301 2195 ludit

196 2253 292 2320 poeta
311 2262 379 2300 cum
401 2243 473 2300 dicit
494 2243 534 2298 de
557 2241 754 2318 philosopho:
792 2235 869 2298 ‘Scit
890 2249 988 2298 artem
1011 2240 1156 2298 lullonum
1178 2248 1209 2298 et
1232 2247 1299 2296 tex·

197 2355 297 2402 torum
317 2340 484 2418 ποιητικήν
506 2361 575 2401 esse
597 2345 683 2402 uidet
702 2352 776 2418 toga
797 2351 828 2398 et
849 2343 950 2401 tunica
972 2343 1045 2418 quid
1068 2336 1128 2400 sit'.

654 2537 851 2548 ...-----

296 2721 389 2780 Libro
411 2720 483 2778 XVI
499 2707 563 2782 uu.
586 2736 649 2794 450
672 2739 738 2799 sqq.
758 2720 784 2779 L
807 2720 826 2778 ὁ
863 2738 929 2797 sqq.
953 2719 986 2778 M
1008 2720 1141 2778 Bentino
1174 2729 1299 2778 auctore

199 2823 242 2880 sic
263 2831 414 2881 correctos

282 2925 351 2982 Rex
363 2923 457 2983 Cotus
480 2925 529 2982 ille
551 2927 612 2983 duo
635 2923 691 2980 hos
713 2932 833 2992 uentos,
861 2921 999 2981 austrum
1011 2930 1104 2998 atque
1127 2922 1300 2999 aquilonem

282 3028 405 3084 nouisse
427 3027 529 3083 aiebat
549 3045 578 3083 se
599 3025 682 3082 solos
706 3025 859 3098 demagis:
884 3025 958 3082 istos

282 3146 320 3184 ex
339 3128 443 3185 nimbo
466 3129 609 3186 austellos
632 3145 690 3184 nec
711 3143 804 3184 nosse
826 3145 885 3182 nec
907 3143 976 3184 esse
998 3133 1114 3201 putare.

199 3248 218 3286 a
239 3229 320 3287 nullo
330 3225 351 3304 ¹)
375 3228 475 3286 adhuc
497 3230 663 3305 explicatos
687 3245 758 3285 esse
779 3228 882 3286 uide0.

298 3327 415 3388 Omitto
437 3329 561 3406 quidem
584 3330 732 3392 hocloco
755 3329 795 3386 de
817 3326 967 3385 uocabulo
1001 3327 1128 3401 demagis
1154 3344 1301 3403 quaerere

199 3431 343 3506 amplius:
367 3431 540 3505 quodcum
566 3430 748 3487 Philoxenos
771 3437 870 3487 uertat
881 3427 1038 3503 σψοδρῶς
1062 3429 1135 3486 alius
1147 3428 1302 3503 glossator

199 3532 282 3606 apud
304 3531 460 3589 Loewium
482 3532 584 3606 prodr.
606 3532 699 3605 gloss.
720 3549 748 3606 p.
770 3545 831 3602 332
858 3529 1034 3587 uehementer
1057 3547 1135 3586 uoce
1157 3511 1299 3604 explicet,

200 3633 282 3708 apud
305 3631 431 3688 Paulum
452 3650 482 3708 p.
498 3647 533 3707 71
558 3641 641 3690 recte
657 3629 825 3690 correxisse
838 3631 965 3688 arbitror
986 3631 1067 3688 uiros
1085 3633 1193 3688 doctos
1217 3631 1303 3686 ninus

199 3753 218 3791 e
240 3734 348 3790 merus:
371 3734 454 3790 unde
481 3732 605 3791 efficitur
626 3733 760 3790 Nonium
783 3733 902 3790 duobus
929 3732 1087 3790 uocabulis
1110 3732 1302 3808 interpretari

199 3829 240 3911 (p.
253 3827 306 3912 98)
329 3835 477 3910 demagis:
499 3835 596 3902 ualde,
619 3837 731 3909 magis:
752 3852 825 3891 nam
845 3835 933 3891 ualde
955 3835 1050 3910 magis
1059 3834 1205 3892 Latinum
1227 3853 1299 3892 num

302 4075 322 4142 ¹)
340 4075 482 4127 Salmasius
502 4077 633 4128 exercitat.
652 4077 720 4127 Plin.
740 4093 765 4142 p.
784 4076 834 4127 882
860 4075 926 4126 nihil
951 4076 984 4126 ad
1009 4076 1078 4126 hunc
1103 4076 1199 4135 locum,
1223 4091 1302 4142 quem

199 4165 300 4232 laudat,
320 4164 505 4230 explicandum
525 4164 620 4216 attulit.
