2998 4744
734 235 754 292 6

192 424 349 482 accedam.
394 421 531 479 Alterum
543 419 651 477 horum
669 435 820 486 uersuum.
844 436 912 478 cum
926 420 1007 495 prior
1017 437 1160 478 numeros
1182 419 1296 479 habeat

191 532 358 599 corruptos,
381 531 465 580 recte
496 521 640 579 traditum
669 537 740 578 esse
763 521 922 596 quominus
956 520 1194 588 contendamus,
1224 519 1296 578 nihil

192 625 321 700 impedit
347 623 404 680 nisi
426 621 563 680 Muelleri
590 629 788 697 praeceptum
821 613 867 698 (d.
892 639 914 679 r.
937 639 977 680 m.
1000 639 1029 696 p.
1052 619 1137 695 343),
1168 639 1228 696 quo
1251 621 1295 678 in·

190 743 280 782 uersu
302 725 453 800 dactylico
476 723 526 780 hoc
550 740 661 780 uocem
692 723 800 797 corripi
832 729 961 780 uetatur.
1006 721 1189 798 Quanquam
1221 739 1294 780 uero

192 827 255 883 eius
272 825 471 900 correptionis
492 824 575 882 nulla
596 823 660 881 fere
676 823 777 882 adbuc
798 823 919 899 prolata
936 831 1007 881 sunt
1017 823 1168 899 exempla,
1191 831 1295 882 tamen

190 927 240 985 bic
261 928 327 1003 ipse
349 925 455 984 Lucilii
476 943 581 984 uersus
604 926 685 982 adeo
717 932 801 982 recte
823 924 982 992 sehabet,
1008 932 1042 984 ut
1062 924 1209 984 Lucilium
1231 925 1293 1002 qui·

192 1029 264 1085 dem
286 1029 345 1087 hac
367 1027 507 1086 libertate
528 1045 616 1086 usum
638 1044 708 1086 esse
736 1026 797 1086 hoc
821 1027 888 1103 ipso
919 1045 1010 1086 uersu
1041 1027 1113 1086 mibi
1139 1030 1293 1103 probetur,

190 1130 370 1205 praesertim
389 1147 457 1188 cum
477 1128 525 1187 hic
550 1147 662 1187 uocem
683 1129 843 1186 Lucretius
865 1127 1015 1204 Uergilius
1042 1127 1179 1186 Tibullus
1207 1137 1295 1204 potu·

192 1231 271 1288 erint
291 1231 442 1306 corripere
463 1229 513 1287 hoc
535 1249 587 1288 cur
609 1248 700 1288 nemo
723 1247 800 1288 unus
828 1229 962 1305 potuerit
986 1247 1049 1287 non
1078 1229 1202 1286 uideam
1225 1249 1296 1288 cau·

192 1351 258 1390 sam
280 1328 472 1408 idoneam¹):
506 1330 544 1389 cf.
567 1330 748 1390 Diomed.I
777 1348 807 1406 p.
829 1345 901 1404 430,
933 1345 980 1404 13.
1029 1328 1164 1388 Priorem
1190 1339 1294 1388 tamen

190 1451 311 1491 uersum
333 1433 426 1491 foede
446 1432 650 1491 adulteratum
671 1449 750 1506 esse,
773 1449 866 1489 nemo
889 1450 953 1490 non
975 1432 1073 1490 uidet:
1105 1433 1200 1490 uerba
1221 1451 1240 1488 a
1261 1451 1295 1489 re

190 1534 329 1591 elittera
360 1553 379 1590 r
410 1534 544 1592 librarius
576 1533 777 1609 neglegenter
817 1534 947 1592 deduxit
967 1563 1007 1576 -
1028 1551 1100 1590 nam
1132 1553 1150 1590 r
1176 1534 1207 1591 in
1234 1533 1296 1592 boc

190 1653 280 1693 uersu
306 1636 402 1693 latere
423 1649 462 1695 ex
484 1633 562 1692 Uelii
583 1635 683 1692 uerbis
716 1644 832 1692 certum
852 1644 900 1693 est
927 1651 1027 1712 neque
1049 1636 1210 1712 quicquam
1231 1635 1295 1693 ueri

191 1736 312 1794 similius
334 1755 426 1812 quam
449 1736 480 1792 in
502 1735 546 1792 his
570 1735 688 1793 duabus
704 1735 825 1810 syllabis
838 1735 964 1793 —dein
985 1754 1046 1793 uox
1068 1754 1149 1811 quae
1162 1736 1293 1794 numeris

189 1837 366 1912 repudiatur
387 1835 466 1893 abest
486 1853 524 1892 ex
545 1836 610 1893 istis
634 1854 652 1891 a
667 1854 700 1891 re
721 1843 796 1893 nata
818 1843 875 1893 est.
919 1834 982 1892 Sed
1004 1834 1106 1910 paullo
1121 1835 1292 1893 accuratius

191 1935 269 1995 Uelii
289 1937 383 1995 uerba
405 1937 631 1994 consideranda
643 1943 721 1994 sunt.
744 1935 825 1994 Dicit
837 1937 862 1994 is
874 1936 999 2013 quidem
1010 1935 1088 1993 haec
1110 1931 1213 2011 (p.46,
1231 1929 1292 2012 17).

289 2032 425 2095 ‘Inuenti
448 2046 518 2095 sunt
539 2045 645 2094 tamen
668 2037 719 2114 qui
741 2046 774 2095 et
795 2038 860 2095 sine
883 2037 984 2095 uocali
1004 2045 1111 2113 putent
1123 2053 1217 2112 posse
1233 2036 1292 2111 syl·

190 2141 291 2198 labam
313 2138 385 2198 fieri.
430 2139 509 2198 Nam
526 2138 793 2196 animadvertimus
816 2140 899 2214 apud
915 2138 1049 2196 comicos
1071 2155 1085 2195 s
1101 2146 1160 2194 ett
1180 2137 1293 2214 pariter

191 2241 318 2316 scriptas
341 2240 456 2298 litteras
479 2248 513 2298 ut
536 2240 619 2316 apud
641 2240 820 2298 Terentium
840 2241 871 2297 in
893 2239 1077 2298 Phormione

661 2339 681 2410 †
703 2361 768 2401 non
790 2342 815 2400 is
839 2343 969 2401 obsecro
992 2351 1039 2400 est

274 2461 366 2519 quem
388 2451 420 2500 te
439 2460 562 2519 semper
584 2444 697 2503 dicunt.
741 2443 776 2501 St
802 2445 875 2520 quid
897 2444 952 2501 has
975 2452 1093 2501 metues
1116 2443 1212 2501 sores:

190 2544 249 2603 hoc
273 2563 286 2604 s
310 2553 341 2602 et
362 2553 374 2602 t
395 2545 508 2621 pariter
529 2545 684 2602 renuntiat
711 2545 869 2604 silentium.
914 2544 978 2602 Sed
1000 2545 1025 2602 si
1047 2544 1107 2603 boc
1128 2552 1291 2618 sectentur,

190 2647 309 2721 possint
330 2647 423 2704 etiam
457 2645 619 2721 plerasque
651 2653 858 2703 consonantes
892 2653 924 2702 et
950 2663 1058 2702 omnes
1081 2645 1291 2715 semiuocales,

190 2763 246 2821 pro
269 2746 389 2822 syllabis
412 2762 537 2821 ponere.
582 2744 662 2802 Nam
683 2746 767 2821 apud
788 2745 935 2803 Lucilium
956 2746 988 2802 in
1007 2764 1091 2803 nono
1115 2746 1146 2803 in
1166 2765 1227 2823 quo
1250 2748 1292 2804 de

189 2847 294 2904 litteris
315 2847 451 2922 disputat
464 2863 571 2904 omnes
593 2845 693 2904 uicem
715 2846 897 2923 syllabarum
915 2847 1051 2923 implent,
1075 2866 1144 2906 cum
1160 2850 1291 2912 dicit...

189 2941 337 3020 (secuntur
369 2949 426 3004 duo
460 2965 536 3022 quae
564 2947 645 3004 modo
671 2947 762 3022 posui
788 2946 908 3006 Lucilii
929 2945 1121 3025 fragmenta)
1156 2950 1292 3026 Apparet

190 3063 264 3120 ergo
287 3045 364 3103 haec
385 3046 457 3104 nibil
480 3048 562 3105 aliud
583 3066 675 3124 quam
698 3049 798 3107 locum
818 3049 950 3125 syllabae
979 3058 1085 3107 tenere
1107 3067 1165 3107 nec
1187 3059 1291 3108 tamen

191 3146 321 3222 syllabas
353 3140 446 3204 esse’.
502 3147 591 3219 Quae
630 3150 733 3207 omnia
769 3167 807 3206 ex
837 3150 958 3225 optimis
990 3149 1124 3208 sontibus
1155 3152 1292 3208 deducta

189 3247 378 3323 ineptissima
410 3264 479 3305 esse
512 3245 692 3324 Ueliumque
724 3250 814 3325 plane
842 3250 949 3324 nugari
980 3259 1077 3326 patet,
1108 3251 1134 3309 si
1165 3252 1196 3308 in
1225 3269 1290 3308 uer·

190 3349 272 3408 sibus
293 3348 398 3406 Lucilii
426 3350 566 3423 legantur
591 3350 710 3407 litterae
739 3370 757 3407 r
777 3358 808 3407 et
830 3369 845 3406 s
871 3350 955 3408 uelut
981 3370 1014 3408 er
1039 3360 1070 3409 et
1092 3371 1120 3409 cs
1141 3364 1290 3427 gramma·

190 3451 318 3509 ticorum
339 3467 424 3507 more
447 3448 554 3522 (Prisc.
568 3450 598 3506 II
612 3469 641 3526 p.
655 3465 683 3525 7,
698 3466 734 3527 27
761 3451 896 3527 Pompei.
911 3449 939 3506 V
962 3469 992 3527 p.
1008 3466 1077 3521 101,
1092 3451 1128 3509 16
1151 3451 1235 3527 Serg.
1246 3449 1290 3508 IV

189 3570 219 3628 p.
242 3550 314 3628 476,
337 3548 403 3624 31).
435 3568 514 3626 quae
537 3551 604 3626 quis
625 3551 738 3627 primus
767 3551 938 3610 adbibuerit
970 3552 1135 3610 litterarum
1165 3553 1291 3610 nomina

297 3778 319 3850 ¹)
337 3781 494 3832 Praesertim
512 3797 570 3832 cum
588 3785 638 3832 hoc
647 3784 806 3835 uocabulum
825 3790 917 3836 natura
929 3787 1039 3836 breuem
1048 3784 1167 3836 uocalem
1181 3784 1289 3844 habeat,

190 3885 205 3919 a
223 3870 307 3935 poetis
325 3871 493 3937 productam:
513 3872 582 3922 conf.
602 3871 701 3924 Charis.
720 3874 734 3922 1
753 3889 779 3939 p.
796 3885 835 3938 15.
855 3875 973 3926 Mueller
991 3875 1016 3926 d.
1036 3889 1056 3924 r.
1074 3889 1108 3924 m.
1127 3890 1153 3940 p.
1168 3886 1218 3938 343
1239 3875 1289 3926 tria

190 3965 290 4008 tantum
303 3959 423 4025 exempla
442 3959 531 4009 attulit
548 3961 598 4009 hoc
616 3960 742 4010 uocabuli
760 3978 776 4011 o
796 3970 915 4029 correpta
931 3961 1057 4028 usurpati.
1076 3961 1199 4013 Ceterum
1210 3979 1289 4029 quam

190 4047 315 4098 audacter
332 4047 452 4098 Lucilius
477 4048 583 4098 uocales
607 4048 701 4114 longas
724 4050 885 4117 corripuerit,
908 4068 933 4103 u.
955 4047 1046 4103 1181b
1064 4049 1088 4100 L
1105 4051 1149 4102 IX
1169 4063 1180 4102 1
1202 4053 1232 4102 M
1249 4059 1288 4103 te-

191 4143 280 4199 statur,
299 4137 346 4186 ubi
364 4152 410 4186 ore
427 4145 555 4203 corrupto
574 4138 698 4190 Adonius
718 4146 810 4192 exstat.
