2998 4744
690 252 730 309 43

158 423 301 480 Secutam
336 425 453 479 deinde
487 439 556 480 esse
588 431 664 497 puto
700 422 960 494 comparationem
995 428 1123 476 naturae
1155 418 1259 493 poesis

156 524 337 582 Lucilianae
363 543 431 581 cum
456 525 627 590 comoedia,
651 531 683 578 ut
709 523 794 596 apud
820 522 896 580 Hor.
918 523 937 580 l.
961 522 978 580 l.
1001 539 1051 577 uu.
1076 536 1114 593 45
1138 538 1203 596 sqq.
1227 527 1259 574 et

157 641 167 680 1
194 643 262 702 sqq.
283 623 393 682 Unum
414 644 443 682 u.
467 643 504 680 ex
533 625 591 682 hac
611 632 700 699 parte
722 624 787 680 libri
810 623 897 680 XXX
919 623 1056 679 relictum
1079 628 1154 696 puto
1177 619 1259 677 hunc

154 724 214 800 889
239 726 266 782 L
296 726 335 783 ιο
359 726 401 794 M,
423 726 474 782 ubi
495 727 586 783 codd.
609 720 740 783 ‘sicutite
762 726 814 800 qui
850 741 989 799 eaquae
1019 722 1153 797 speciem
1175 721 1259 777 uitae

149 837 300 900 putamus
325 822 412 884 esse'
434 845 513 903 quae
537 828 580 883 sie
602 827 782 883 correxerim
804 824 853 899 (L.
876 817 1021 900 sicutte)

237 929 321 986 sicut
345 929 382 995 ei,
405 930 525 1005 quiea,
548 945 628 1003 quae
651 927 786 1002 speciem
806 928 890 984 uitae
913 943 982 984 esse
1004 934 1158 1000 putamus,

154 1029 197 1086 Ei
217 1049 277 1104 pro
301 1031 406 1088 iambo
428 1030 562 1104 positum
584 1029 736 1087 inuenitur
757 1030 839 1103 apud
860 1027 1038 1085 Terentium
1060 1036 1092 1083 et
1113 1025 1259 1084 Ouidium

151 1132 303 1204 (Mueller
328 1134 359 1190 d.
379 1150 400 1191 r.
422 1151 461 1188 m.
478 1150 508 1206 p.
526 1146 595 1206 272.
615 1145 683 1204 255.
708 1130 833 1189 Lachm.
857 1131 898 1188 ad
911 1130 1000 1187 Lucr.
1021 1148 1050 1204 p.
1068 1123 1150 1204 152),
1173 1127 1260 1204 quod

153 1241 219 1288 tam
241 1249 316 1289 raro
329 1233 413 1306 apud
424 1232 590 1306 dactylicos
612 1232 720 1288 mirum
742 1250 805 1288 non
827 1239 883 1306 est,
906 1231 957 1306 qui
979 1230 1105 1288 omnino
1128 1229 1259 1304 fugerint
1318 1295 1320 1300 ,

152 1332 237 1388 uocis
259 1332 352 1389 istius
374 1331 488 1388 formas
510 1348 627 1390 omnes.
671 1333 727 1400 Ea,
750 1349 830 1407 quae
852 1331 966 1405 specr'em
988 1331 1064 1386 uitae
1083 1329 1182 1404 putari
1199 1330 1258 1386 Lu-

153 1434 242 1491 cilius
268 1435 346 1492 dicit
368 1435 434 1490 sine
457 1433 554 1489 dubio
578 1442 648 1490 sunt
675 1450 724 1490 res
750 1435 792 1491 ad
814 1433 970 1508 exemplar
1001 1432 1083 1490 uitae
1111 1431 1260 1488 formatae

153 1535 245 1606 (Hor.
272 1555 302 1596 a.
325 1555 354 1610 p.
378 1531 461 1609 317),
494 1543 528 1591 ut
554 1534 653 1592 Horat
681 1553 728 1610 ep.
752 1535 767 1591 I
794 1534 840 1602 18,
862 1551 890 1592 2.
924 1534 1065 1608 95112,
1093 1549 1149 1604 124
1185 1531 1260 1588 dicit

152 1637 335 1706 scurrantis
360 1636 490 1702 obscuri,
513 1636 645 1692 ludentis
669 1637 820 1710 speciem:
843 1653 955 1708 nempe
979 1634 1173 1692 comoediam
1199 1632 1260 1688 Lu-

152 1738 241 1794 cilius
276 1739 322 1796 ita
355 1736 513 1811 significat.
558 1735 646 1794 Conf.
681 1734 743 1795 Cic.
777 1736 816 1791 de
850 1753 912 1809 rep.
945 1735 988 1792 IV
1022 1751 1068 1807 11,
1097 1750 1131 1807 13
1167 1731 1261 1790 Orelli

153 1831 386 1896 ‘Comoediam
408 1853 478 1893 esse
493 1834 601 1893 Cicero
624 1836 666 1893 ait
688 1836 876 1892 imitationem
899 1836 987 1902 ariae,
1010 1835 1167 1909 speculum
1189 1849 1260 1890 con-

153 1939 342 2006 suetudinis,
376 1938 540 2010 imaginem
573 1931 731 1995 ueritatis’.
789 1937 930 2012 Prolegg.
972 1938 1014 1993 de
1050 1935 1192 1992 comoed.
1229 1934 1261 1990 in

156 2040 286 2115 Bergkii
307 2039 459 2114 Aristoph.
474 2039 517 2094 IX
542 2034 694 2117 Κωμῳδία
709 2035 797 2099 ἐστὶν
820 2033 890 2110 ἡέν
912 2034 1000 2117 μέσῳ
1022 2035 1103 2097 λαοῦ
1126 2050 1261 2109 κατηγο-

157 2137 210 2215 ρία
236 2189 243 2202 .
270 2189 276 2201 .
301 2189 306 2200 .
330 2136 399 2200 ἔστι
422 2137 457 2200 δὲ
478 2134 566 2214 εἶδος
588 2137 767 2215 ποιήματος
789 2137 824 2200 έν
839 2137 959 2214 κώμαις
980 2135 1075 2200 κατὰ
1097 2132 1261 2212 τὸνβίον

159 2238 336 2320 ᾀδόμενον.
367 2238 433 2302 Διὰ
451 2241 548 2302 τοῦτο
570 2240 622 2302 καὶ
644 2239 826 2319 (βιωτικῶς
848 2243 982 2320 λέγεται,
1005 2240 1172 2304 τουτέστιν
1195 2238 1261 2302 ἱλα-

157 2345 225 2420 ρῶς
240 2395 246 2406 .
263 2393 289 2405 ..
310 2341 328 2418 ἢ
352 2340 543 2420 (βιωτικῶς
568 2342 664 2405 κατὰ
680 2342 837 2420 μίμησιν
858 2346 926 2407 τοῦ
948 2342 1042 2421 βίου,
1063 2343 1127 2405 κτλ.
1143 2344 1261 2432 Ibidem

158 2444 234 2503 Vlll
262 2462 297 2502 12
320 2441 389 2505 ἔστι
412 2443 448 2504 δὲ
470 2440 488 2516 ἡ
513 2443 661 2525 κωμῳδία
691 2443 819 2521 μίμησις
852 2442 1002 2521 πράξεως
1034 2440 1262 2520 καθαρωτέρας

157 2540 360 2620 παθημάτων
391 2544 567 2620 συστατική
590 2547 659 2607 τοῦ
693 2543 778 2621 βίου
802 2543 895 2624 (conl.
917 2547 961 2604 IV
983 2547 1023 2622 o),
1047 2542 1099 2604 διὰ
1120 2542 1262 2618 γέλωτος

159 2644 213 2706 καὶ
236 2643 358 2721 ἡδονῆς
380 2645 571 2722 τυπουμένη.
601 2644 761 2723 Διαφέρει
783 2646 819 2708 δὲ
839 2644 1000 2728 τραγῳδία
1023 2643 1199 2726 κωμῳδίας.
1212 2641 1263 2706 ὅτι

159 2743 177 2819 ἡ
203 2746 262 2823 μἐν
285 2743 507 2826 τραγῳδία...
531 2745 550 2822 ἡ
574 2747 610 2810 δὲ
631 2747 780 2829 κωμῳδία
799 2746 1012 2824 πλάσματα
1030 2745 1169 2823 περιέχει
1184 2747 1262 2822 βιω-

159 2849 278 2909 τικῶν
304 2845 578 2923 πραγμάτωνῑ).
623 2850 767 2910 Diomed.
789 2851 804 2907 Ι
830 2870 859 2926 ρ.
881 2851 958 2923 488;
995 2846 1146 2929 Κωμῳδία
1173 2845 1262 2908 ἐστὶν

161 2943 329 3010 ἰδιωτικῶν
362 2945 558 3025 πραγμάτων
589 2946 759 3024 ἀκίνδυνος
787 2948 930 3027 περιοχή.
957 2981 992 2992 -·-
1021 2951 1072 3009 Ad
1105 2969 1138 3006 ea
1170 2950 1201 3006 in
1232 2967 1261 3009 u.

161 3049 268 3108 Lucilii
288 3051 461 3125 supplenda
482 3067 550 3108 esse
574 3060 649 3126 puto
665 3059 810 3124 poemata.

265 3150 346 3208 Tum
380 3153 483 3208 denuo
512 3153 704 3210 adversarius
728 3185 766 3194 —-
797 3172 846 3212 uu.
870 3154 940 3227 963.
962 3169 1022 3227 913
1045 3152 1071 3209 L
1096 3168 1144 3226 29.
1169 3168 1208 3226 34
1230 3151 1262 3208 Μ

165 3283 200 3292 —-
221 3260 347 3326 poetam
368 3252 487 3326 culpat:

165 3399 171 3412 .
196 3396 203 3410 .
227 3396 233 3409 .
258 3361 351 3429 atque
372 3353 431 3412 tuis
454 3355 554 3412 saeuis
578 3355 665 3414 sactis
687 3365 718 3414 et
740 3351 869 3414 tristibu'
893 3354 983 3413 dictis

247 3456 375 3528 gaudes,
400 3473 469 3512 cum
491 3457 531 3514 de
553 3475 601 3516 me
623 3458 682 3516 ista
705 3458 776 3516 foris
800 3459 984 3516 sermonibu'
1008 3458 1111 3515 differs

267 3659 288 3726 ¹)
307 3662 382 3711 Idem
400 3660 466 3712 ibid.
488 3663 531 3710 IX
553 3675 574 3714 1.
594 3689 627 3700 -
652 3663 729 3715 Coni.
749 3664 846 3714 Donat.
872 3663 905 3714 de
929 3679 995 3715 conr.
1016 3672 1042 3714 et
1060 3672 1124 3727 trag.
1144 3661 1261 3727 (Terent.

165 3749 206 3798 ed.
225 3748 429 3798 Westerhovius
448 3750 462 3796 I
480 3765 506 3813 p.
525 3749 626 3815 LVII):
654 3750 811 3800 ‘Comoedia
831 3765 894 3800 uero
914 3751 977 3816 quia
991 3759 1088 3816 poema
1106 3753 1156 3799 sub
1175 3753 1261 3800 imita·

165 3840 237 3886 tione
258 3840 332 3886 uitae
349 3844 431 3901 atque
443 3851 547 3884 marum
566 3841 747 3888 similitudine
759 3839 934 3903 compositum
949 3846 996 3901 est,
1015 3840 1043 3888 in
1062 3845 1139 3902 gestu
1158 3845 1185 3886 et
1203 3854 1262 3904 pro-

164 3924 328 3974 nuntiatione
348 3925 494 3974 consistit.
515 3963 521 3974 .
543 3963 548 3976 .
569 3926 738 3976 Comoediam
758 3965 764 3976 .
787 3965 792 3977 .
812 3927 897 3992 primo
916 3928 1005 3976 Liuius
1016 3927 1186 3976 Andronicus
1206 3942 1262 3992 rep·

164 4013 243 4079 perit:
272 4013 359 4078 aitque
380 4013 542 4061 comoediam
562 4028 620 4062 esse
640 4017 804 4065 cottidianae
822 4018 896 4064 uitae
914 4015 1075 4079 speculum'.
1113 4014 1261 4064 Euanthius

165 4102 198 4150 de
218 4103 354 4163 tragoedia
373 4110 400 4151 et
422 4102 560 4151 comoedia
582 4102 682 4152 ibidem
700 4121 724 4169 p.
745 4105 794 4154 LI:
825 4104 905 4153 ‘Tum
928 4105 999 4169 quod
1024 4104 1052 4154 in
1071 4103 1206 4168 tragoedia
1225 4104 1262 4153 su·

164 4191 261 4254 gienda
279 4195 355 4249 uita;
374 4191 403 4240 in
424 4191 562 4242 comoedia
580 4193 745 4258 capessenda
764 4192 935 4260 exprimitur’.
