2980 4752
685 245 723 320 65

159 442 279 508 poetam
302 433 422 507 colligo,
443 433 474 490 in
499 449 560 508 quo
583 432 776 489 decreuerint
800 441 831 489 et
853 439 1039 507 tempestate
1058 430 1183 490 inmissa
1198 431 1253 488 de-

159 535 260 591 clarari
289 541 432 610 oportere
463 535 538 591 iram
567 535 697 591 deorum
732 533 763 589 in
795 533 909 590 malum
935 533 1069 590 iudicem
1099 541 1131 590 et
1158 531 1252 608 ipsius

158 643 253 694 morte
274 635 386 694 satiari.
429 635 513 692 Mors
541 635 619 711 Lupi
650 635 828 709 prodigiosa
861 634 894 691 fit
927 634 1006 692 sicut
1028 634 1151 692 Romuli
1177 642 1253 691 tem·

157 744 276 811 pestate
299 737 413 793 eodem
434 745 573 812 tempore
596 744 711 794 coorta.
756 734 827 792 Sine
851 735 944 792 dubio
967 736 1032 792 eius
1056 736 1107 792 dei
1129 742 1253 792 senten-

157 839 196 894 tia
218 839 291 894 uicit
313 846 480 912 postremo,
503 837 554 912 qui
578 837 697 912 Lupum
721 837 925 894 occidendum
947 853 1017 893 esse
1040 836 1168 896 censuit.
1192 834 1253 892 Ne-

156 955 213 1013 que
236 955 311 994 uero
333 938 477 994 iambicus
500 939 565 994 eins
578 938 697 994 obitum
718 938 896 1013 tanquillnm
915 946 967 996 aut
986 955 1128 995 serenum
1144 937 1253 994 fecisse

154 1039 311 1115 putandus
334 1047 396 1096 est:
428 1040 485 1096 sed
508 1056 546 1095 eo
575 1037 639 1096 fato
662 1039 764 1097 hercle
786 1041 966 1096 morientem
993 1039 1112 1097 induxit
1133 1039 1253 1114 Lupum

156 1159 217 1216 quo
240 1140 353 1198 nullum
377 1141 477 1215 potuit
498 1157 567 1196 esse
589 1140 638 1196 uel
660 1140 776 1215 turpius
801 1141 850 1196 uel
866 1139 1013 1200 festinius.
1058 1139 1137 1200 Nam
1159 1140 1254 1199 habe·

155 1259 221 1299 mus
243 1241 339 1298 uerba
360 1241 577 1315 proclamantis
600 1258 650 1300 uu.
677 1257 724 1301 21.
750 1257 786 1298 22
813 1241 837 1298 L
861 1257 909 1315 34.
932 1256 970 1315 35
996 1240 1045 1299 M:

239 1362 280 1417 ad
302 1377 410 1416 cenam
432 1360 595 1428 adducam,
620 1369 651 1417 et
673 1361 802 1435 primum
820 1360 905 1418 hisce
921 1359 1088 1418 abdomina
1109 1359 1218 1417 thunni
1231 1354 1253 1438 ¹)

239 1455 469 1519 aduenientibu’
493 1461 578 1535 priua
602 1460 693 1536 daha,
717 1461 945 1536 cephalaeaque
969 1461 1130 1521 achamae.

156 1582 242 1654 Quos
264 1600 313 1639 uu.
337 1581 407 1655 quia
429 1579 550 1636 fuerunt
574 1579 639 1636 libri
662 1579 676 1635 Ι
699 1597 759 1655 quo
782 1575 911 1635 deorum
933 1581 1093 1638 concilium
1115 1581 1252 1637 contine-

157 1691 203 1739 tur
230 1683 296 1739 siue
319 1681 412 1739 dubio
436 1683 512 1739 deus
535 1681 681 1756 profatur.
726 1679 811 1736 Cane
827 1681 888 1737 deo
905 1681 1048 1755 indignos
1064 1690 1166 1756 putes:
1190 1698 1253 1738 non

156 1785 286 1859 putabis,
320 1784 344 1840 si
377 1782 483 1840 similia
517 1802 596 1858 quae
632 1782 810 1839 admiserint
831 1782 983 1839 Lucienus
1017 1791 1048 1839 et
1081 1781 1200 1840 Seneca
1221 1792 1254 1841 et

156 1887 321 1961 praecipue
345 1885 556 1960 Epicharmus,
580 1885 685 1959 quiin
709 1885 879 1942 comoediis
906 1887 984 1943 deos
1008 1885 1187 1960 saepissime
1210 1887 1254 1942 in-

157 1991 241 2046 duxit
265 1991 305 2046 de
328 1989 437 2047 eduliis
461 1989 666 2047 uociferantes
689 1988 941 2048 consideraueris.
986 1987 1130 2044 Animum
1152 1995 1253 2044 atten-

157 2092 213 2148 das
236 2091 278 2147 ad
298 2090 373 2147 hisce
395 2090 588 2160 uocabulum,
619 2091 754 2167 inprimis
790 2107 864 2146 uero
897 2091 938 2146 ad
970 2087 1102 2145 futurum
1135 2097 1253 2162 tempus

157 2190 298 2246 adducam
333 2189 416 2246 dabo,
462 2189 540 2247 Sunt
571 2190 717 2247 uidelicet
750 2189 845 2246 uerba
878 2189 944 2256 dei,
979 2187 1110 2244 fortasse
1131 2195 1256 2262 propter

157 2291 284 2365 piscium
307 2288 531 2367 mentionem2)
562 2289 695 2366 Neptuni
728 2290 911 2366 exponentis
945 2290 973 2345 in
1008 2289 1136 2346 concilio
1168 2296 1254 2363 post·

156 2410 247 2468 quam
271 2393 400 2448 deorum
422 2400 547 2448 senatus
571 2392 659 2466 Lupo
686 2409 754 2447 esse
777 2392 992 2447 intereundum
1008 2389 1155 2457 decreuit,
1178 2407 1253 2463 quo·

155 2495 250 2550 modo
273 2513 344 2550 eum
368 2501 579 2570 perempturus
602 2493 650 2551 sit.
688 2492 826 2549 Adducit
836 2491 957 2567 Lupum
969 2491 1110 2565 Lupique
1125 2506 1252 2564 conger·

155 2591 278 2670 rones³)
318 2597 358 2653 ad
391 2614 518 2663 cenam,
556 2590 690 2670 multis⁴)
728 2592 847 2649 ferculis
886 2593 982 2650 allatis
1020 2592 1140 2666 Lupum
1173 2593 1254 2665 cogit

155 2697 325 2753 uoracitate
348 2713 403 2753 sua
426 2698 558 2753 animam
574 2695 687 2754 efflare.
732 2695 820 2752 Haec
843 2710 891 2750 me
916 2712 978 2750 non
991 2692 1131 2776 hariolari
1145 2691 1253 2747 uideas

155 2795 543 2870 eu.1o84LIV7M

239 2914 382 2971 occidunt
404 2914 500 2992 Lupe,
525 2917 675 2990 saperdae
699 2923 730 2972 te
753 2922 783 2970 et
805 2914 868 2970 iura
891 2913 971 2971 siluri

257 3205 275 3268 ¹)
293 3205 445 3255 Abdomina
472 3205 565 3255 thunni
597 3205 686 3255 dicunt
710 3206 805 3256 Graeci
833 3203 1011 3272 ὑπογάστρια
1038 3205 1156 3258 θύννους
1185 3205 1253 3255 conf.

154 3293 254 3343 Athen.
274 3295 328 3343 VII
346 3310 371 3359 p.
389 3305 439 3356 302
458 3295 491 3343 D.
521 3295 591 3344 Pliu.
610 3295 654 3342 IX
674 3294 717 3357 48.

257 3381 276 3444 ²)
295 3382 369 3432 Conf.
393 3382 557 3432 Philemonis
583 3400 608 3432 u.
634 3384 703 3449 apud
723 3384 806 3433 Mein.
839 3399 904 3433 com.
924 3399 948 3448 4,
970 3395 1015 3447 27:
1042 3381 1076 3434 δν
1097 3387 1157 3446 τοῖς
1180 3385 1255 3446 θεοῖς

156 3468 238 3536 Φέρει
261 3469 413 3522 Ποσειδῶν
434 3469 557 3536 γόγγρον
581 3469 620 3533 εἰς
648 3470 700 3523 τὸν
722 3471 851 3538 οὐρανόν.
888 3471 1038 3537 Epichann.
1062 3469 1148 3535 Ἥβας
1171 3471 1253 3539 γάμῳ

156 3571 187 3607 21
218 3559 331 3608 Lorenz:
361 3557 487 3621 Αὐτὸςὸ
518 3557 645 3611 Ποτιδὰν
672 3559 751 3623 ἄγων
780 3560 924 3624 γαύλοισιν
953 3559 984 3611 ἐν
1012 3558 1180 3622 Φοινικικοῖς
1203 3557 1254 3624 ἧκε

155 3644 303 3710 καλλίστας
320 3645 445 3712 σαγήνας
464 3662 487 3696 ε.
507 3663 532 3712 q.
551 3663 571 3696 s.
592 3647 699 3698 Lucian.
718 3649 774 3697 Iou.
799 3655 864 3710 trag.
883 3657 915 3710 25
941 3647 1058 3712 Ἀπαγε,
1079 3647 1255 3710 θυννῶδες

154 3733 189 3787 τὸ
208 3734 353 3800 ἐνθύμημα
372 3733 396 3786 ὠ
415 3733 557 3786 Πόσειδον
575 3737 633 3787 κτλ.

255 3823 277 3886 ⁸)
296 3824 371 3873 Conf.
392 3823 442 3872 inc.
465 3835 532 3873 1010
551 3825 574 3872 L
593 3824 627 3886 64
646 3825 683 3874 M.

255 3913 275 3975 ⁴)
294 3913 387 3962 Multis
406 3912 512 3961 ferculis
533 3927 625 3961 cenam
643 3913 729 3978 parari
748 3919 824 3979 patet
837 3928 868 3962 ex
885 3913 1014 3963 uocabulo
1028 3916 1159 3977 prmum,
1185 3911 1254 3978 quod

155 4001 327 4062 gustationem
355 4001 495 4064 significat:
526 4001 594 4052 conf.
612 4001 726 4050 Martial.
749 4001 778 4048 X
799 4001 842 4062 48,
867 4013 912 4051 12:
942 4001 989 4051 ‘Et
1011 4001 1145 4050 madidum
1164 3999 1255 4066 thynni

155 4088 189 4137 de
208 4090 263 4138 sale
284 4105 375 4139 sumen
393 4090 450 4140 erit.
474 4091 572 4141 Gustus
590 4089 618 4138 in
636 4088 689 4138 his:
707 4105 759 4138 nna
776 4097 887 4155 ponetur
911 4090 1004 4140 cenula
1022 4089 1125 4139 mensa’
1144 4105 1167 4139 e.
1188 4105 1213 4154 q.
1233 4104 1254 4138 s.

155 4175 226 4226 Cels.
244 4178 257 4226 I
277 4191 300 4226 2.
329 4177 418 4228 ‘Cibus
438 4195 453 4227 a
471 4176 637 4227 salsamentis
650 4213 656 4225 .
669 4213 675 4227 .
688 4213 693 4225 .
704 4176 798 4226 melius
818 4177 926 4244 incipit?

1040 4277 1053 4330 5
