2998 4744
696 240 736 298 35

567 407 760 485 σιτόκουρον
783 404 895 470 ἄθλιον

254 510 423 591 ἄχρηστον
446 510 493 588 εἰς
511 511 571 588 τὴν
594 508 722 574 οἰκίαν
745 507 931 586 εἰλήφαμεν.

165 618 256 674 Idem
278 634 308 688 4,
335 633 410 690 139:

254 713 299 791 ὡς
321 713 468 793 ὀκνηρός,
490 712 597 777 πάντα
621 712 755 790 μέλλων,
778 710 971 788 σιτόκουρος
994 708 1163 787 ὁμολογῶν

252 815 576 894 παρατρέφεσθαι
1189 869 1192 876 .

165 921 271 976 Alexis
295 937 324 994 3,
344 920 403 994 467
428 915 495 979 ἔσει
517 917 702 994 περιπατῶν
725 912 926 990 σιτόκουρος.
950 915 1086 972 Pertinet
1108 915 1157 971 hic
1177 933 1206 974 u.
1230 915 1270 972 ad

166 1022 371 1094 parasitorum
404 1029 435 1077 et
465 1022 633 1077 amicorum
656 1018 928 1093 comparationem,
962 1035 1052 1092 quam
1086 1016 1159 1073 facit
1191 1014 1267 1072 libro

166 1119 288 1176 XXVII
299 1129 407 1195 poeta:
430 1122 471 1178 de
487 1119 621 1178 amicitia
636 1120 772 1177 omnium
784 1118 943 1175 hominum
959 1117 1113 1176 communi
1124 1135 1152 1174 u.
1170 1115 1229 1190 647
1243 1115 1268 1172 L

168 1237 211 1296 30
232 1223 281 1280 M:

254 1331 337 1380 certa
359 1331 438 1395 sunt,
462 1323 527 1380 sine
550 1321 736 1378 detrimento
760 1337 841 1394 quae
865 1320 945 1376 Inter
966 1337 1034 1376 sese
1057 1319 1256 1378 commodent

168 1425 214 1480 sic
247 1425 397 1499 disposito
431 1425 537 1498 agitur.
581 1421 669 1480 Conf.
703 1420 765 1479 Cic.
798 1423 838 1476 de
870 1419 919 1478 off.
941 1419 954 1476 1
980 1435 1034 1492 51:
1071 1413 1157 1476 ‘Una
1179 1435 1216 1474 ex
1239 1436 1271 1474 re

168 1526 244 1583 satis
267 1526 459 1600 praecipitur,
482 1534 525 1591 ut,
550 1524 698 1598 quidquid
715 1523 781 1578 sine
796 1516 981 1578 detrimento
997 1521 1185 1577 commodari
1200 1537 1270 1594 pos·

169 1627 217 1696 sit,
238 1627 271 1681 id
293 1627 441 1683 tribuatur
463 1625 512 1682 uel
536 1619 667 1700 ignoto'.
708 1623 789 1678 Dicit
812 1621 954 1694 Lucilius,
978 1637 1046 1676 esse
1069 1630 1153 1677 certa
1176 1638 1271 1695 quae·

169 1728 251 1794 dam,
276 1734 338 1784 tam
359 1727 484 1805 minuta,
516 1744 595 1800 quae
624 1725 688 1782 sine
712 1723 897 1780 detrimento
929 1721 1068 1778 homines
1095 1722 1174 1778 inter
1201 1739 1270 1778 sese

168 1828 378 1905 commodent,
403 1828 504 1902 qualia
526 1827 641 1884 Ennius
663 1834 693 1882 et
717 1823 824 1880 Cicero
847 1823 865 1883 l.
880 1823 897 1882 l.
920 1831 1099 1878 enumerant
1119 1823 1269 1896 praebere

168 1930 281 2002 ignem,
305 1937 476 1985 monstrare
501 1929 594 1992 uiam,
625 1945 686 1982 non
709 1925 871 2000 prohibere
894 1941 984 1998 aqua,
1010 1921 1085 1980 ¹dare
1110 1924 1269 1980 consilium

167 2029 259 2085 fidele
282 2029 349 2088 alia.
393 2030 488 2086 Aliter
510 2029 657 2086 Muellero
682 2027 811 2085 uidetur.

611 2189 809 2198 -η--σ-ι-η-

271 2332 362 2390 Libro
384 2330 503 2388 XXVII
524 2349 553 2389 u.
577 2345 618 2401 40
638 2329 670 2386 M
700 2329 807 2401 540L
843 2330 1021 2387 emendatio
1055 2331 1192 2387 nondum
1226 2331 1270 2386 in-

168 2443 265 2491 uenta
288 2443 336 2490 est
358 2451 426 2490 mea
449 2432 614 2504 sententia3
640 2431 764 2487 codices
787 2431 936 2504 praebent
956 2431 1062 2489 talem:
1137 2487 1139 2494 s

254 2536 362 2591 ardum
384 2534 583 2591 miserrimum
606 2540 698 2607 atque
720 2532 824 2588 infelix
846 2533 965 2606 signum
989 2533 1134 2589 sabucum
1156 2542 1249 2590 uocat

169 2637 323 2692 editiones
344 2653 381 2691 ex
398 2644 484 2710 parte
508 2642 678 2692 correctum
700 2634 743 2691 ita
768 2634 845 2708 fere:

254 2737 361 2793 ardum
383 2735 573 2792 miserrimum
596 2745 688 2809 atque
715 2735 819 2791 infelix
840 2735 954 2808 lignum
976 2736 1124 2792 sabucum
1146 2743 1269 2795 uocant.

169 2837 302 2894 Plurima
323 2845 407 2895 recte
430 2837 473 2893 sic
501 2837 669 2893 constituta
699 2854 769 2893 cum
791 2837 963 2904 uideantur,
990 2854 1051 2903 una
1077 2854 1138 2894 uox
1169 2838 1269 2894 mirer·

168 2939 276 2994 rimum
298 2946 396 2994 metro
419 2937 587 3012 refragatur
610 2938 641 2994 in
663 2937 848 3010 superlatiuo
870 2937 981 3010 posita,
1004 2954 1074 2993 eum
1095 2955 1151 3012 per
1173 2954 1207 2994 se
1231 2937 1270 2992 sit

171 3039 336 3112 aptissima.
392 3037 432 3094 Et
467 3038 607 3095 lliuelleri
637 3047 669 3094 et
698 3038 867 3094 Franckeni
902 3038 1092 3095 coniecturas
1120 3038 1269 3112 reprobo:

169 3141 237 3214 ipse
260 3140 341 3196 hunc
364 3159 392 3199 u.
415 3139 475 3196 alio
497 3141 594 3196 modo
619 3139 720 3213 legere
742 3139 823 3196 malo
847 3156 938 3212 quam
956 3152 1089 3198 mutare:
1113 3148 1269 3215 postremo

170 3239 212 3295 ad
233 3239 516 3314 interpretationem
547 3238 664 3314 aliquid
697 3238 804 3296 afferre
832 3257 882 3296 me
912 3256 1004 3315 posse
1034 3241 1171 3300 arbitror.
1216 3241 1270 3296 Et-

169 3337 251 3394 enim
274 3339 299 3395 si
325 3339 422 3396 Plauti
445 3349 549 3396 aetate
579 3359 608 3399 u.
632 3341 761 3416 scriptus
785 3348 877 3410 esset,
906 3340 979 3396 nihil
1007 3340 1163 3418 dubitares
1186 3347 1269 3396 recte

170 3439 214 3494 sic
234 3455 303 3496 esse
326 3440 471 3497 traditum
494 3443 699 3501 contendere:

254 3539 362 3597 ardum
383 3539 584 3599 miserrimum
600 3541 693 3618 aitque
716 3542 820 3599 infelix
836 3540 951 3616 lignum
967 3539 1115 3598 sabucirm
1130 3548 1254 3598 uocant.

170 3639 246 3695 dlxit
268 3641 349 3696 emm
372 3641 495 3698 Plautus
517 3642 696 3698 simillumae
723 3644 867 3700 sdlellr'tes
888 3642 1045 3698 uicissolim
1072 3640 1268 3714 Phillippeum

169 3741 277 3796 similia
306 3739 389 3812 (Brix
423 3742 505 3800 Trin.
535 3761 564 3817 p.
592 3742 651 3816 17).
696 3745 737 3800 At
764 3744 882 3800 Lucilio
917 3743 1047 3800 concedi
1080 3743 1162 3799 idem
1196 3759 1270 3799 sane

169 3859 232 3897 non
254 3850 365 3914 potest,
401 3843 457 3898 nisi
488 3843 593 3898 ludere
621 3853 676 3900 aut
704 3845 733 3900 in
757 3845 905 3920 tragicum
928 3843 1028 3900 Ennio
1052 3843 1268 3900 uestustiorem

171 3951 223 3999 aut
245 3944 276 3999 in
299 3938 412 4017 ‘legem
436 3944 592 4018 quandam
615 3943 760 4004 horrendi
784 3940 941 4004 carminis’
964 3943 1182 4017 (Liu.126,6
1205 3942 1269 4005 Cic.

170 4062 225 4118 pro
248 4045 351 4104 Rabir.
372 4046 460 4119 perd.
487 4059 521 4116 13
551 4038 669 4119 ‘Caput
691 4047 849 4116 obnubilo,
876 4048 976 4106 arbori
1003 4046 1114 4104 infelici
1140 4063 1269 4121 suspen·

172 4139 266 4218 dito')
288 4163 451 4207 sumamus,
477 4144 570 4216 Quod
587 4161 655 4200 cum
673 4149 745 4203 satis
762 4149 922 4205 uerisimile
945 4149 994 4215 sit,
1017 4148 1056 4203 nil
1078 4148 1267 4206 correxerim.
