2998 4744
767 192 807 304 42,

234 413 380 471 Editores
403 421 434 469 et
456 412 566 469 lemma
587 410 679 469 Nonii
700 420 732 466 et
754 410 812 468 hoc
828 407 1014 466 uocabulum
1034 414 1194 465 mutantes
1211 425 1349 484 posuere

232 515 374 589 coniugat
394 513 459 571 sine
483 530 578 572 causa
596 510 774 571 sufficiente.
818 511 895 569 lude
919 508 1261 567 efficiturcommum'cat
1281 526 1350 566 cor·

230 616 392 690 rigendum
426 632 496 672 esse
531 622 562 672 et
593 613 779 672 uocabulum
812 630 910 669 rerum
944 618 1067 669 secutus
1100 618 1191 668 recte
1227 611 1350 668 inuenit

232 716 412 794 Lachmann
434 715 627 775 commum'tas.
672 715 738 771 lam
764 713 918 788 flagitatur
941 713 983 770 ad
1005 711 1100 770 uerba
1123 712 1206 768 mter
1227 730 1259 768 se
1283 730 1349 768 con·

231 819 339 894 iungat
359 826 391 875 et
413 817 608 877 accusatiuus
636 815 759 892 pluralis
790 822 822 871 et
844 813 1036 872 enuntiatum
1063 813 1238 888 principale
1262 815 1349 870 unde

231 918 446 978 coniunctiuus
478 920 628 994 pendeat:
662 918 748 992 quod
780 923 943 990 utrumque
977 913 1094 972 facilius
1127 915 1259 990 assequi
1283 933 1350 972 non

232 1036 359 1094 possum
381 1036 473 1094 quam
495 1019 538 1076 ita
559 1018 723 1076 scribendo
788 1025 790 1032 '

316 1121 432 1179 amicos
455 1127 570 1195 quanta
592 1127 641 1176 est
662 1118 741 1175 iuter
764 1117 931 1174 humanum
953 1133 1051 1192 genus

317 1238 417 1279 rerum
442 1238 522 1296 quae
545 1221 623 1277 inter
645 1237 678 1277 se
701 1219 868 1292 coniungat
890 1218 1093 1276 communitas

233 1322 358 1379 Amicos
381 1323 508 1396 iungere
539 1328 587 1378 est
608 1320 710 1379 iacere
732 1320 847 1377 amicos
877 1315 965 1392 (Hor.
989 1327 1046 1375 sat.
1068 1318 1128 1393 13,
1152 1317 1223 1393 54),
1259 1321 1349 1396 quod

234 1422 367 1480 maxime
389 1440 507 1480 morum
526 1420 723 1479 similitudine
746 1417 823 1488 (Cic.
847 1418 933 1478 Lael.
957 1433 997 1492 50
1019 1420 1059 1476 de
1083 1419 1133 1478 off.
1156 1419 1170 1476 I
1196 1420 1238 1492 58
1264 1420 1346 1479 Plut.

236 1525 277 1580 de
298 1523 366 1582 irat.
389 1541 448 1582 am.
471 1541 538 1598 cap.
564 1537 604 1579 20
619 1522 659 1578 de
682 1521 799 1580 adulat.
821 1527 925 1578 etam.
950 1518 1053 1595 cap.6
1075 1527 1107 1577 et
1128 1515 1264 1598 passim)
1281 1520 1348 1578 fieri

232 1632 320 1681 uetus
344 1632 400 1682 est.
436 1623 575 1699 Inprimis
598 1621 804 1679 conferendus
828 1619 891 1678 Cic.
915 1621 955 1677 de
979 1621 1029 1677 off.
1052 1621 1145 1693 151:
1179 1615 1244 1680 ‘Ac
1260 1622 1347 1680 latis-

232 1725 307 1782 sime
344 1725 468 1799 quidem
501 1733 610 1799 patens
643 1722 815 1780 hominibus
849 1721 930 1778 inter
954 1722 1049 1797 ipsos,
1082 1721 1227 1780 omuibus
1264 1723 1347 1780 inter

234 1843 341 1883 omnes
361 1826 494 1883 societas
527 1824 605 1882 haec
628 1831 689 1882 est:
721 1823 753 1879 in
786 1839 847 1896 qua
878 1823 1014 1878 omnium
1046 1839 1155 1890 rerum,
1187 1841 1270 1899 quas
1304 1824 1347 1880 ad

234 1943 428 1984 communem
451 1925 607 1983 homiuum
629 1940 718 1980 usum
739 1931 848 1980 natura
871 1923 986 1996 genuit,
1011 1929 1058 1980 est
1072 1926 1232 1982 seruanda
1256 1943 1344 1984 com·

231 2022 376 2085 munitas'
399 2044 426 2084 e.
449 2043 478 2100 q.
502 2043 525 2084 s.
550 2024 644 2082 Porro
668 2017 820 2100 (53—56l
853 2023 949 2080 multa
977 2023 1056 2080 inter
1083 2022 1225 2082 homines
1259 2044 1348 2084 com·

233 2127 347 2204 munia,
368 2127 477 2202 quibus
499 2126 577 2182 inter
600 2143 633 2182 se
649 2124 867 2182 consocientur
888 2132 1066 2182 enumerat:
1086 2123 1126 2198 56
1141 2125 1182 2182 de
1200 2144 1347 2184 commu·

238 2228 334 2285 nitate
357 2245 405 2297 ea,
428 2245 509 2304 quae
530 2226 646 2285 amicos
669 2226 837 2300 coniungat
860 2225 968 2302 agitur.

335 2473 416 2530 Libri
437 2472 539 2532 XXIX
561 2491 590 2530 u.
616 2485 674 2548 755
700 2471 725 2530 L
748 2471 788 2545 84
810 2472 842 2530 M
866 2473 1008 2530 codices:

321 2583 448 2648 tyroneo
471 2582 503 2630 et
525 2591 586 2630 non
608 2573 764 2631 mortifero
787 2573 928 2630 adfectus
951 2574 1071 2631 uomica
1094 2581 1126 2630 et
1149 2573 1279 2631 uulnera

236 2676 334 2732 Recte
364 2674 608 2731 emendauerunt
634 2675 769 2731 editores
800 2675 928 2730 uomicae
960 2675 1092 2743 uulnere,
1121 2693 1191 2732 cunt
1215 2684 1344 2732 antece-

237 2775 314 2832 dant
335 2775 429 2831 uerba
451 2773 600 2854 morizssro
623 2772 764 2851 affectus.
809 2773 970 2833 Uomieam
993 2776 1118 2850 quidem
1141 2793 1203 2832 non
1227 2777 1342 2834 uulnus

236 2891 305 2930 esse
328 2876 385 2931 sed
409 2875 502 2950 ulcus,
526 2893 618 2933 nemo
641 2877 752 2936 nescit:
785 2893 858 2951 ergo
896 2876 1137 2952 intellegendum
1165 2895 1234 2934 esse
1263 2888 1342 2955 puto

238 2975 358 3043 uulnus,
381 2993 441 3049 quo
463 2977 585 3035 uomica
606 2985 660 3034 aut
682 2987 769 3036 secta
794 2995 813 3034 a
834 2979 955 3035 medico
980 2975 1074 3052 (Cels.
1096 2978 1123 3033 V
1138 2977 1213 3047 28,1
1242 2974 1342 3036 ‘Tum

237 3076 351 3132 deinde
375 3076 484 3133 uulnus
508 3078 585 3134 sicut
608 3088 711 3134 cetera
735 3080 848 3136 adusta
871 3079 1037 3135 curandum
1061 3085 1108 3135 est
1117 3073 1134 3151 ²,
1157 3095 1206 3152 sc.¹
1226 3080 1341 3137 uulnus

238 3171 362 3244 ulceris)
397 3185 449 3232 aut
473 3193 545 3233 casu
578 3179 715 3252 quodam
746 3195 893 3254 percussa
920 3179 967 3237 sit.
1011 3178 1080 3236 Hoc
1115 3181 1180 3236 ueri
1214 3180 1340 3238 similius

237 3279 288 3334 illo
314 3294 384 3334 esse
407 3277 510 3333 uerbis
531 3295 585 3333 non
613 3277 765 3356 morlzsero
782 3279 930 3334 euincitur
951 3286 1044 3353 atque
1067 3280 1118 3356 agi
1140 3282 1180 3337 de
1203 3281 1340 3347 homino,

236 3378 283 3436 cui
306 3378 413 3453 aliquis
436 3377 559 3453 plagam
591 3377 752 3434 mortalem
783 3377 895 3434 inferre
923 3380 997 3436 dum
1028 3389 1157 3438 conatur
1185 3373 1340 3439 uomicam

235 3479 399 3555 aperuerit.
446 3477 485 3533 Et
504 3477 654 3552 particula
674 3479 821 3536 docemur
843 3480 874 3536 in
895 3479 1002 3537 litteris
1018 3487 1135 3554 tyroneo
1153 3482 1248 3539 latere
1265 3499 1334 3538 uer-

235 3581 308 3638 bum
326 3576 485 3657 salutzfero
508 3579 557 3636 uel
581 3579 640 3635 tale
670 3580 743 3654 quid
767 3580 958 3654 significans:
990 3582 1069 3640 bene
1091 3583 1227 3640 editores
1252 3581 1339 3640 Dou-

237 3699 303 3764 sam
324 3681 422 3739 secuti

322 3780 475 3840 Chironeo
499 3789 529 3838 et
550 3799 614 3838 uon
636 3779 793 3838 mortifero
817 3781 959 3840 adfectus
983 3785 1123 3842 uomicae
1141 3785 1276 3844 uulnere.

239 3883 303 3940 Sed
324 3883 397 3940 nihil
420 3884 462 3940 ad
485 3901 558 3951 rem,
582 3883 666 3957 quod
687 3883 800 3939 medici
823 3878 917 3948 (Cels.
944 3884 971 3940 V
995 3883 1042 3954 28,
1061 3879 1093 3962 5)
1118 3886 1159 3942 de
1182 3884 1336 3943 Chironeo

237 3981 367 4059 ulcerc¹l
409 3984 582 4060 proferunt:
615 4002 717 4059 neque
755 3979 946 4058 Χειρώνειον
981 3981 1074 4060 ἕλκος
1109 3988 1193 4061 apud
1219 3987 1337 4044 Zenob.

339 4166 359 4237 ¹)
378 4169 465 4219 Aliud
488 4169 557 4219 enim
576 4177 615 4220 est
635 4169 720 4232 ulcus,
740 4169 811 4219 aliud
833 4170 938 4222 uulnus.
965 4169 1133 4237 Χειρώνειον
1152 4170 1232 4234 ἕλκος
1251 4177 1338 4221 autem
