2980 4752
764 271 801 331 52

231 441 416 520 interpolata
438 459 517 502 esse.
555 440 688 517 Egregie
711 441 793 498 enim
816 441 923 498 dicitur
948 441 1086 497 lactentia
1119 440 1331 516 coagulorum

231 544 315 601 melle
338 541 419 603 bibi:
440 561 513 601 nam
538 543 684 601 lactentia
713 541 863 618 significat
889 543 968 600 lacte
993 542 1102 600 diluta:
1135 541 1215 601 conf.
1238 539 1330 600 Ouid.

230 645 298 704 fast.
321 643 365 701 IV
388 659 448 718 545

315 744 390 803 Mox
413 746 519 821 epulas
542 752 674 820 ponunt:
698 743 859 819 liquefacta
881 744 1010 818 coagula
1030 744 1109 802 lacte

315 845 476 922 Pomaque
500 854 530 904 et
553 846 584 904 in
607 845 683 903 ceris
707 861 800 902 aurea
823 844 913 901 mella
937 844 1006 902 suis.

231 963 413 1044 Liquefacta
440 964 569 1040 coagula
591 964 670 1023 lacte
696 964 845 1031 dicuntur,
870 961 921 1036 qui
943 961 974 1017 in
996 962 1076 1018 duos
1095 961 1220 1036 congios
1243 960 1330 1018 lactis

231 1065 354 1123 additur
375 1065 534 1140 coagulum
557 1063 767 1140 magnitudine
790 1063 888 1122 oleae.
913 1059 1014 1136 (Uarr.
1033 1062 1063 1119 d.
1086 1081 1108 1122 r.
1132 1079 1154 1122 r.
1177 1061 1205 1118 ΙΙ
1225 1077 1271 1130 ιι,
1288 1054 1330 1138 4).

231 1165 294 1226 Lac
317 1175 456 1223 coactum
479 1184 547 1224 cum
570 1166 662 1223 melle
695 1165 758 1222 bibi
785 1165 817 1220 iu
845 1163 941 1238 epulis
969 1163 1108 1220 uidemus
1131 1171 1292 1238 praeterea
1314 1180 1331 1218 e

234 1266 391 1326 Philoxeni
412 1262 532 1346 δείπνῳ
558 1266 614 1342 frg.
640 1282 655 1324 2
680 1285 708 1326 u.
732 1265 772 1338 36
795 1263 911 1340 Bergk:
948 1259 1133 1338 ὁμοσύζυγα
1156 1258 1192 1323 δὲ
1213 1258 1332 1324 ξανθόν

231 1363 258 1427 τ’
281 1365 472 1442 ἐπεισῆλθεν
495 1364 563 1443 μέλι
586 1363 637 1427 καὶ
659 1362 744 1440 γάλα
766 1363 956 1440 σύμπακτον
983 1373 1074 1440 atque
1094 1364 1219 1424 lactaria
1240 1364 1331 1422 melle

231 1469 331 1526 solere
354 1470 472 1528 condiri
494 1488 533 1528 ex
554 1470 685 1546 Alciphr.
709 1470 764 1546 frg.
787 1467 816 1540 6,
845 1485 895 1531 10:
925 1464 994 1530 εἶτα
1016 1465 1171 1542 γαλάκτια
1194 1466 1331 1544 ποικίλα,

229 1567 269 1630 τὰ
294 1569 350 1646 μὲν
367 1568 543 1646 μελίπηκτα
558 1571 622 1632 κτλ.
659 1569 768 1649 Itaque
790 1573 959 1630 rectissime
976 1573 1111 1629 lactentia
1125 1573 1252 1647 coagulo
1269 1590 1330 1627 cum

229 1674 313 1729 melle
342 1671 403 1730 bibi
422 1675 503 1750 apud
526 1673 669 1751 Caprum.
713 1675 802 1748 Quae
834 1683 938 1732 tamen
960 1672 1055 1731 uerba
1081 1674 1112 1730 in
1134 1681 1261 1731 metrum
1285 1691 1329 1728 re-

230 1771 292 1848 digi
315 1774 396 1831 nullo
419 1776 515 1833 modo
537 1783 679 1850 possunt,
703 1792 804 1850 neque
827 1776 859 1833 in
875 1775 1056 1850 dactylicum
1079 1790 1180 1848 neque
1202 1773 1233 1830 iu
1256 1773 1329 1831 iam·

229 1872 339 1943 bicum,
360 1892 462 1952 neque
485 1876 594 1933 Lucilii
626 1875 721 1933 uerba
755 1875 853 1932 soluta
885 1876 915 1931 in
947 1875 1125 1950 pedestrem
1158 1874 1330 1932 orationem

230 1976 457 2051 grammaticum
479 1977 629 2034 rettulisse
658 1976 815 2051 probabile
839 1985 900 2034 est:
928 1994 1019 2052 porro
1051 1976 1177 2050 coagula
1204 1976 1329 2032 uerbum

231 2094 295 2133 non
307 2077 398 2134 uideo
420 2086 597 2152 usurpatum
614 2086 685 2135 aute
707 2077 886 2135 Uarronem.
911 2078 951 2134 At
965 2078 1059 2135 uerba
1081 2071 1236 2134 ‘lactentes
1243 2070 1330 2150 ficor’

231 2178 313 2234 unde
337 2177 369 2234 M
398 2179 531 2235 lactentes
546 2177 631 2253 ficus,
667 2176 692 2236 C
716 2178 767 2254 qui
788 2196 843 2254 pro
870 2180 977 2235 lactens
999 2178 1095 2236 altero
1128 2178 1196 2236 loco
1227 2177 1330 2253 posuit

231 2277 340 2334 lacteus
354 2279 438 2353 quod
451 2279 595 2356 scriptum
618 2289 701 2338 recte
724 2288 791 2337 erat
814 2280 948 2337 lactentes
962 2278 1036 2354 ficos
1057 2279 1152 2337 uoluit
1174 2279 1327 2355 corrigere

229 2379 261 2436 in
283 2380 391 2436 lacteus
415 2379 493 2455 ficus
521 2382 728 2458 superscripto
758 2401 777 2440 a
798 2391 831 2439 et
852 2400 882 2450 u,
914 2383 998 2438 uude
1021 2381 1045 2439 B
1081 2382 1235 2439 lactentcar
1249 2380 1328 2455 ficus

232 2511 270 2522 -
294 2481 354 2538 ista
380 2482 474 2539 uerba
507 2482 577 2540 dico
605 2483 729 2558 egregie
751 2481 867 2540 Lucilio
895 2482 996 2539 tn'bui:
1030 2500 1102 2540 narn
1128 2483 1278 2558 quadrant
1297 2482 1328 2539 in

230 2580 439 2638 hexametrum
462 2591 493 2638 et
508 2580 566 2656 fici
584 2600 639 2658 pro
654 2581 731 2657 ficus
753 2583 850 2640 forma
872 2580 1031 2640 Luciliana
1051 2591 1097 2639 est
1118 2601 1179 2658 qua
1200 2592 1247 2641 ter
1268 2584 1328 2640 uti-

230 2679 318 2753 tur¹).
362 2682 469 2740 Statuo
489 2683 578 2757 igitur
600 2683 631 2739 in
654 2685 722 2742 cod.
746 2683 779 2740 M
801 2684 926 2741 uerbum
948 2701 1041 2740 uuum
1061 2692 1221 2741 auctorem
1237 2685 1327 2759 signi-

230 2781 325 2840 ficans
348 2784 514 2842 excidisse:
544 2784 575 2840 in
596 2785 689 2844 codd.
713 2782 764 2842 CB
792 2802 898 2842 reuera
929 2785 1023 2842 uerba
1046 2785 1100 2842 sub
1123 2785 1214 2844 finem
1237 2786 1327 2843 muti-

229 2883 290 2939 lata
313 2892 392 2953 sunt,
416 2885 505 2942 deest
527 2884 607 2942 enim
629 2883 695 2944 bibi.

330 3185 394 3247 inc.
421 3201 500 3260 1109
524 3185 549 3244 L
575 3186 631 3244 106
655 3187 700 3245 M:

313 3303 389 3343 uasa
412 3303 533 3361 quoque
556 3287 679 3344 omuino
703 3287 823 3355 dirimit,
847 3304 910 3344 non
933 3286 1020 3356 sollo,
1043 3288 1188 3362 dupundi.

235 3384 311 3443 Uasa
333 3386 530 3460 Augustinus,
555 3386 693 3444 Lucilius
706 3405 795 3444 suasa
818 3385 902 3443 Festi
924 3388 994 3446 cod.
1011 3385 1125 3463 Corpet
1140 3390 1217 3447 haec
1232 3389 1325 3445 uerba

230 3493 311 3544 recte
334 3487 375 3544 ad
397 3485 545 3562 Scipionis
575 3488 605 3543 in
629 3489 736 3545 castris
763 3488 846 3563 apud
866 3486 1063 3545 Numantiam
1092 3487 1194 3544 edicta
1214 3486 1327 3544 rettulit

230 3586 343 3661 primus
365 3605 394 3661 p.
413 3601 471 3659 235
492 3588 570 3648 edit:
595 3587 778 3646 Bouterwek
801 3590 841 3645 de
854 3587 969 3646 Lucilio
992 3588 1112 3646 satirico
1136 3589 1198 3664 p.6
1220 3588 1327 3646 laudat

230 3685 361 3761 Appian.
381 3685 425 3746 lb.
439 3685 488 3758 85.
500 3686 536 3747 L.
553 3687 679 3746 Mueller
698 3707 819 3747 uersum
840 3689 870 3746 in
887 3691 965 3747 duas
980 3697 1081 3764 partes
1105 3688 1234 3749 discidit.
1254 3687 1326 3745 Per·

231 3786 309 3844 tinet
323 3804 428 3844 uersus
452 3789 492 3846 ad
504 3806 541 3845 ea
558 3806 637 3864 quae
652 3791 820 3848 accuratius
833 3791 974 3866 Appiano
988 3789 1165 3848 Plutarchus
1182 3790 1325 3866 apophth.

230 3887 309 3964 Scip.
320 3887 391 3948 min.
409 3887 444 3945 16
466 3889 574 3950 refert:
597 3887 697 3966 σκεύη
719 3889 755 3952 δὲ
768 3888 968 3966 προσέταξεν
984 3885 1185 3965 ἀποπέμπειν
1199 3886 1326 3952 ἅπαντα

232 4071 427 4082 --..-...

331 4191 350 4256 ¹)
369 4193 423 4243 Uu.
446 4192 503 4244 168.
526 4192 601 4245 1128.
625 4205 690 4257 1129
711 4195 734 4243 L
752 4195 779 4245 V
799 4207 840 4262 27.
862 4195 903 4245 28.
924 4205 958 4258 30
979 4195 1016 4244 M.
