2998 4744
769 216 807 274 26

237 415 315 464 teste
331 405 407 465 Plut.
430 407 469 462 de
492 412 589 481 tranq.
614 424 662 464 an.
679 419 713 479 15
738 399 826 483 (mor.
839 423 868 480 p.
881 419 943 479 474
957 397 1010 482 Bl:
1035 399 1082 465 Οὐ
1097 399 1159 479 γάρ
1174 400 1219 479 ὡς
1236 400 1254 465 ὁ
1272 399 1338 464 Μέ-

235 504 377 584 νανδρός
400 518 500 583 φησιν

319 602 452 668 Ἅπαντι
474 603 594 681 δαίμων
617 601 709 680 ἀνδρὶ
731 604 995 681 συμπαραστατεῖ

320 706 416 783 εὐθὺς
437 705 609 788 γενομένῳ,
633 704 846 782 μυσταγωγός
869 708 928 768 τοῦ
951 705 1020 784 βίου

319 805 442 884 ἀγαθός

236 905 318 972 ἀλλὰ
354 910 476 986 μᾶλλον
505 906 550 984 ιίις
577 905 794 984 Ἐμπεδοκλῆς
815 906 948 970 διτταί
968 927 1054 984 τινες
1087 906 1225 971 ἕκαστον
1247 904 1337 984 ἡμῶν

199 1077 203 1086 ‚
234 1009 410 1088 γενόμενον
432 1006 719 1088 παραλαμβάνουσι
746 1008 797 1070 καὶ
825 1007 1039 1088 κατάρχονται
1066 1012 1173 1087 μοῖραι
1199 1007 1250 1071 καί
1272 1006 1339 1072 δαί-

236 1126 349 1191 μονες’

318 1210 406 1276 ’Ἔνθ’
429 1210 515 1290 ἦσαν
537 1209 655 1287 Χθονίη
678 1229 713 1274 τε
736 1210 788 1275 καί
810 1209 942 1289 Ἡλιόπη
965 1215 1137 1291 ταναῶπις,

319 1314 423 1392 Δῆρίς
446 1312 472 1376 θ’
498 1311 700 1391 αἱματόεσσα
723 1313 774 1376 καί
796 1311 945 1391 Ἁρμονίη
969 1316 1156 1392 θεμερῶπις,

320 1414 483 1479 Καλλιστώ
505 1413 532 1476 τ’
553 1413 675 1493 Αἴσχρη
698 1435 741 1493 τε,
766 1413 887 1478 Θόωσά
909 1435 943 1478 τε
967 1414 1096 1493 Δηναίη
1119 1435 1162 1494 τε,

321 1516 485 1595 Νημερτής
507 1515 533 1579 τ’
558 1515 700 1595 ἐρόεσσα
723 1515 948 1595 μελάγκαρπός
971 1515 996 1580 τ’
1021 1515 1186 1595 Ἀσάφεια.

235 1620 345 1697 Neque
368 1621 451 1676 enim
471 1639 510 1677 ex
533 1617 692 1676 Censorini
715 1620 816 1676 uerbis
849 1614 1012 1677 ‘Euclides
1035 1628 1139 1678 autem
1165 1619 1337 1678 Socraticus

236 1723 388 1799 duplicem
421 1722 562 1781 omnibus
596 1721 720 1778 omnino
763 1721 851 1777 nobis
885 1723 1011 1796 genium
1043 1723 1116 1780 dicit
1149 1723 1336 1798 adpositum,

235 1842 327 1901 quam
349 1841 413 1880 rem
436 1823 519 1898 apud
538 1822 687 1878 Lucilium
708 1821 740 1876 in
761 1821 835 1878 libro
857 1822 1016 1880 satirarum
1039 1822 1114 1879 XVI
1136 1823 1206 1880 licet
1222 1840 1338 1897 eogno-

235 1944 320 1984 scere
330 1919 347 1993 ’‚
375 1921 663 2002 cum0Censorinus
693 1921 793 1996 ipsum
816 1921 965 1978 Lucilium
998 1923 1049 1979 uix
1082 1923 1200 1997 legerit,
1233 1932 1338 2000 potest

235 2025 335 2099 colligi
358 2024 504 2082 Lucilium
529 2041 567 2080 ex
588 2022 717 2079 Euclide
744 2023 819 2081 illud
842 2023 1039 2099 desumptum
1060 2024 1234 2100 protulisse,
1268 2044 1337 2082 cum

235 2126 298 2183 ueri
321 2125 445 2184 similius
468 2126 516 2195 sit,
539 2124 595 2180 hos
619 2123 726 2181 ambos
752 2123 883 2181 Siculum
906 2142 975 2182 esse
998 2135 1131 2187 secutos,

335 2426 428 2484 Libro
452 2425 524 2482 XIX
547 2442 597 2482 uu.
621 2443 691 2500 493.
715 2443 776 2501 49²
800 2427 826 2484 L
849 2425 877 2486 6.
902 2442 918 2498 5
950 2427 983 2484 M
1005 2428 1084 2483 inter
1106 2444 1140 2484 se
1163 2427 1337 2484 coniunctis

235 2528 314 2585 haec
349 2528 442 2584 oritur
464 2526 635 2584 sententia:

319 2627 569 2685 Peniculamento
592 2643 666 2682 uero
676 2621 700 2699 ¹)
721 2627 947 2702 reprehendere
969 2627 1033 2684 noli

318 2726 361 2785 Ut
383 2729 467 2803 pueri
487 2727 619 2784 infantes
643 2725 767 2797 faciunt,
789 2728 994 2785 mulierculam
1017 2727 1179 2785 honestam

235 2829 333 2886 Recte
356 2829 437 2885 enim
461 2829 568 2885 dicitur
597 2828 803 2902 reprehendere
830 2830 956 2902 aliquem
977 2829 1089 2904 pallia,
1117 2826 1270 2904 λαβέσθαι
1294 2847 1338 2888 τι·

234 2926 293 3004 νὸς
315 2929 372 2990 τοῦ
393 2925 529 3004 ἱματίου,
559 2931 644 3005 quod
666 2928 822 2987 faciebant
844 2931 895 3006 qui
920 2931 951 2987 in
972 2931 1080 2988 itinere
1104 2932 1337 3006 progredientes

235 3032 365 3088 retinere
387 3030 533 3088 uolebant
554 3030 749 3106 colloquendi
771 3031 820 3087 uel
843 3031 957 3107 aliquid
979 3033 1105 3106 petendi
1120 3048 1230 3089 causa:
1255 3031 1334 3091 conf.

236 3130 306 3188 Brix
328 3131 370 3188 ad
392 3128 491 3187 Plauti
512 3130 573 3189 Mil.
596 3131 610 3187 Ι
632 3136 660 3200 1,
674 3146 712 3203 55
736 3131 841 3190 Stallb.
865 3133 908 3190 ad
931 3130 1005 3190 Plat.
1020 3148 1083 3206 rep.
1105 3131 1120 3188 I
1141 3150 1171 3207 p.
1188 3146 1248 3205 527
1267 3130 1299 3190 B.
1311 3125 1338 3206 ²)

236 3231 329 3304 Quod
354 3249 421 3288 cum
443 3232 587 3288 usitatum
611 3240 642 3288 et
664 3232 844 3308 permissum
866 3231 954 3289 fuerit
976 3233 1056 3290 iuter
1072 3233 1165 3301 uiros,
1188 3233 1334 3290 rusticum

235 3342 328 3409 atque
350 3332 486 3389 insolens
520 3341 588 3389 erat
615 3334 680 3390 sine
708 3333 803 3390 dubio
831 3333 856 3390 si
886 3333 952 3408 quis
984 3333 1142 3391 mulierem
1174 3334 1336 3392 honestam

241 3523 438 3531 ———

336 3632 355 3698 ¹)
375 3649 440 3682 uere
459 3633 545 3691 codd.,
563 3647 627 3683 corr.
647 3633 745 3682 Dousa.

335 3721 356 3786 2)
376 3721 419 3770 Sic
438 3722 508 3786 apud
528 3722 605 3771 Hom.
627 3718 706 3783 [385
723 3721 814 3769 Uenus
834 3720 966 3770 Helenam
986 3721 1141 3770 adlocutura
1159 3723 1228 3787 χειρί
1247 3721 1278 3773 δέ
1293 3736 1336 3774 νε-

202 3823 205 3829 ·
235 3811 353 3876 κταρέου
382 3811 465 3862 ἑανοῦ
495 3808 599 3862 ἐτίναξε
627 3811 758 3873 λαβοθοα.
796 3812 834 3860 At
861 3810 966 3874 Tityum
993 3810 1085 3859 rudem
1105 3809 1222 3874 depingit
1240 3811 1333 3876 Apoll.

234 3899 325 3948 Rhod.
345 3901 359 3947 I
378 3899 430 3963 760
450 3897 570 3967 ἐρύοντα
588 3897 749 3963 καλύπτρης
769 3938 774 3949 .
796 3938 801 3948 .
821 3938 826 3949 .
845 3898 1010 3972 θαρσαλέως
1034 3899 1159 3949 Latonae.
1179 3901 1248 3950 Mus.
1269 3900 1332 3951 Her.

235 3994 261 4036 et
278 3987 378 4037 Leand.
410 3986 459 4036 118
488 3985 656 4052 θαρσαλέως
684 3985 797 4053 παλάμῃ
826 3984 1034 4039 πολυδαίδαλον
1065 3985 1126 4039 ἕλκε
1157 3989 1263 4050 χιτῶνα
1284 3999 1332 4050 123

234 4074 323 4140 Ξεῑνε,
343 4073 370 4128 τί
391 4074 561 4140 μαργαίνεις;
580 4073 607 4128 τί
626 4090 667 4141 με,
685 4074 815 4140 δύσμορε,
835 4073 977 4141 παρθένον
995 4075 1094 4138 ἕλκεις;
1117 4073 1223 4139 Ἀλλην
1241 4075 1330 4141 Ιδεθρο

234 4163 378 4216 κέλευθον·
397 4163 465 4230 ἐμὸν
484 4163 509 4217 δ’
529 4165 663 4218 ἀπόλειπε
681 4167 794 4229 χιτῶνα.
