2980 4752
758 221 798 296 98

233 408 444 465 hexametrum
466 405 544 464 effici
565 406 692 479 malum;
725 404 860 481 rythmus
887 411 993 462 tamen
1019 405 1092 462 milri
1115 406 1238 465 uidetur
1260 426 1333 465 esse

232 509 416 567 trochaicus.
453 507 577 566 Librum
600 507 752 582 Antipatri
774 509 816 564 ad
838 507 873 564 L.
896 507 1020 564 Aelium
1042 507 1193 564 Stilonem
1214 507 1333 566 Metelli

232 612 383 670 Numidici
415 610 545 668 amicum
570 610 697 666 missum
723 625 792 665 esse
825 609 904 664 sicut
922 606 1039 683 Popma
1069 609 1241 666 coniecerat
1262 627 1331 666 non

231 715 272 771 ad
295 712 442 781 Laelium,
464 721 499 768 ut
526 720 635 786 putant
659 710 749 767 Peter
773 709 888 784 Sieglin
910 710 968 778 alii,
996 710 1054 766 hac
1078 711 1204 767 demum
1224 711 1327 784 dispu-

232 815 349 871 tatione
377 813 540 888 probatum
563 820 619 870 est.
664 811 813 867 Lucilium
829 828 903 867 uero
926 811 967 867 ad
982 810 1131 867 Stilonem
1153 810 1261 868 librum
1271 811 1324 866 mi·

231 916 307 971 sisse
329 915 402 970 ideo
424 913 508 970 credi
530 929 593 969 non
615 918 728 986 potest,
759 912 845 984 quod
866 909 913 967 hic
932 895 1050 967 Metelli
1069 910 1222 968 Numidici
1244 910 1323 967 sami-

232 1016 311 1073 liaris
333 1015 457 1071 intimus
481 1021 545 1069 erat
569 1007 709 1091 (Sueton.
733 1013 774 1068 de
796 1028 922 1086 gramm.
947 1010 989 1086 3),
1012 1011 1145 1070 Lucilius
1168 1013 1330 1070 Aemiliani

230 1117 282 1191 qui
304 1135 367 1174 nou
389 1123 507 1173 tantum
529 1113 736 1171 Macedonico
759 1112 889 1170 infestus
905 1122 981 1180 erat,
1005 1115 1062 1170 sed
1084 1115 1143 1170 toti
1155 1115 1222 1171 31111
1242 1113 1330 1170 fami-

231 1218 289 1275 liae
321 1215 398 1292 (Cic.
427 1217 467 1273 de
497 1232 539 1273 or.
561 1208 696 1292 11267),
730 1215 815 1272 cuius
842 1213 1021 1271 Numidicus
1051 1214 1159 1275 affinis.
1204 1214 1330 1272 Coelius

230 1325 335 1374 autem
355 1315 548 1391 Scipionibus
571 1333 634 1372 non
657 1316 777 1373 uidetur
799 1315 927 1373 fauisse:
958 1334 1030 1374 113111
1053 1315 1199 1374 Α11133110
1221 1318 1331 1374 11131011

230 1418 354 1476 1311113111
381 1418 476 1493 patris
503 1419 586 1492 apud
608 1417 749 1475 Ticinum
774 1419 888 1475 seruati
913 1418 1002 1492 eripit
1033 1417 1117 1475 solus
1144 1435 1180 1475 ac
1203 1419 1331 1492 delegat

230 1522 272 1576 ad
294 1537 417 1576 seruum
439 1520 566 1577 natione
589 1518 733 1593 Ligurem
754 1516 834 1590 (Liu.
859 1519 933 1575 XXI
955 1517 1005 1596 46,
1037 1515 1098 1594 ιο),
1122 1519 1155 1575 111
1177 1521 1264 1596 quod
1289 1520 1331 1577 ad

230 1621 350 1679 Aelium
381 1638 451 1677 eum
484 1621 585 1677 malim
620 1621 747 1678 credere
781 1621 938 1695 scripsisse
968 1638 1060 1696 quam
1087 1622 1128 1677 ad
1151 1619 1331 1695 Scipionum

229 1731 398 1780 amatorem
421 1738 572 1779 summum
590 1719 624 1778 C.
642 1720 793 1780 Laelium.
814 1720 956 1797 Polybius
980 1718 1062 1796 (X3,
1077 1721 1107 1795 2)
1131 1722 1212 1779 enim
1234 1724 1330 1780 tradit

229 1823 368 1881 Laelium
391 1823 537 1880 maiorem
565 1823 664 1897 ipsum
692 1823 850 1898 scripsisse
880 1842 899 1879 a
923 1822 1067 1899 Scipione
1098 1824 1129 1880 in
1158 1841 1263 1898 pugna
1287 1826 1331 1880 ad

229 1923 370 1982 Ticinum
386 1933 542 1982 seruatum
558 1941 627 1980 esse
643 1933 770 1999 patrem.
794 1923 882 1983 Coni.
899 1924 992 1982 etiam
1003 1924 1116 1998 Sieglin
1130 1924 1161 1979 in
1178 1922 1329 1982 Fleckeis.

228 2028 327 2083 annal.
352 2026 394 2082 XI
429 2026 575 2100 supplem.
604 2043 632 2099 p.
657 2023 705 2099 76.
751 2024 854 2082 Uerba
883 2027 913 2081 in
931 2029 1038 2098 priore
1061 2025 1138 2082 libro
1161 2025 1185 2082 si
1207 2032 1329 2082 certum

227 2135 310 2184 esset
337 2126 423 2202 quod
445 2124 559 2199 Sieglin
581 2127 597 2185 l.
622 2125 641 2183 l.
663 2141 711 2197 41.
733 2140 780 2199 70.
809 2127 951 2201 exposuit
974 2128 1037 2184 duo
1061 2144 1155 2202 opera
1178 2144 1196 2183 a
1218 2123 1327 2182 Coelio

228 2229 340 2302 scripta
363 2245 431 2284 esse
447 2227 572 2285 referret
587 2228 705 2303 aliquis·
713 2229 755 2284 ad
777 2244 854 2304 opus
871 2237 1010 2302 tempore
1031 2229 1114 2302 prius
1130 2245 1190 2302 quo
1210 2226 1324 2283 bellum

227 2328 375 2386 Punicum
395 2330 434 2385 ab
457 2347 495 2386 eo
515 2338 670 2387 narratum
692 2345 760 2386 esse
783 2328 834 2386 ille
857 2329 1046 2404 suspicatur:
1081 2330 1167 2403 quod
1189 2328 1240 2385 uix
1261 2327 1324 2385 fieri

226 2446 320 2504 posse
351 2449 400 2487 me
432 2431 551 2487 monuit
584 2430 765 2488 Buecheler.
822 2430 931 2506 Itaque
966 2429 1067 2487 locum
1096 2428 1248 2487 Cornificii
1280 2430 1321 2484 sic

226 2547 339 2588 censeo
362 2532 526 2607 legendum
550 2549 634 2591 esse:
656 2526 733 2606 ‘quo
756 2527 787 2588 in
811 2531 884 2586 uitio
906 2540 955 2587 est
971 2529 1094 2586 Coelius
1117 2531 1271 2596 assiduus,
1290 2537 1320 2584 ut

228 2630 306 2688 haec
327 2641 375 2690 est
397 2631 452 2707 (sc.
474 2632 642 2705 traiectio):

326 2729 374 2791 ‘ln
398 2734 498 2808 priore
525 2733 601 2790 libro
631 2731 686 2789 has
713 2749 762 2789 res
789 2733 832 2788 ad
861 2740 894 2788 te
925 2732 1053 2806 scriptas
1085 2731 1161 2789 Luci
1190 2733 1326 2790 misimus

228 2836 296 2894 Aeli
306 2831 322 2896 ².

320 2936 490 3011 Scriptores
514 2934 646 2993 Romani
675 2936 728 3010 qui
755 2935 868 2994 liberae
902 2935 945 2992 rei
968 2934 1111 3011 publicae
1134 2934 1325 3009 temporibus

226 3036 355 3092 floruere
379 3053 448 3092 cum
464 3035 549 3092 locos
563 3054 601 3092 ex
623 3037 689 3092 aliis
705 3036 902 3110 scriptoribus
916 3035 1141 3102 exscribebant,
1165 3041 1327 3090 auctorum

226 3153 340 3194 nomeu
373 3136 548 3191 adscribere
580 3137 654 3192 satis
688 3134 859 3193 habebant:
894 3142 1037 3192 accurate
1069 3135 1205 3191 indicare
1239 3134 1326 3190 cuius

225 3238 291 3295 libri
313 3237 409 3295 uerba
429 3246 544 3306 3113111,
564 3246 637 3295 tunc
660 3238 796 3294 nondum
818 3237 849 3294 in
873 3254 929 3293 11111
952 3245 1026 3295 3131.
