2998 4744
715 224 735 287 4

179 387 293 453 Manus
314 393 409 454 amica
430 395 522 472 igitur
552 397 635 456 idem
666 399 758 468 ualet,
781 401 865 476 quod
886 417 995 459 manus
1029 363 1280 480 fututrix·(Mart.

178 497 221 555 XI
245 499 305 570 22).
350 497 494 558 Ceterum
513 501 628 575 optime
650 501 743 559 etiam
768 501 990 578 μεταφορικῶς
1022 505 1116 562 uerba
1139 506 1281 564 lacrimas

178 601 323 678 absterget
346 603 482 679 intellegi
504 612 634 679 possunt
655 613 689 662 ut
723 605 767 664 sic
799 606 999 681 interpretere
1030 625 1154 668 manum
1187 609 1280 669 solari

176 721 289 779 penem
326 722 418 780 aegre
447 705 595 763 ferentem
624 706 811 781 inexpletam
843 707 1015 766 libidinem:
1049 709 1185 768 similiter
1206 711 1279 788 Scy·

178 803 278 862 thinus
300 805 337 866 A.
361 804 394 864 P.
419 805 479 862 XII
503 822 561 879 232
586 809 628 864 ad
647 815 835 867 muttonem:

261 916 377 996 Ὀρθόν
398 921 457 983 νῦν
479 919 619 999 ἕστηκας
643 919 812 999 ἀνώνυμον
835 920 912 985 οὐδὲ
934 922 1083 1006 μαραίνῃ·

317 1015 505 1083 Ἐντέτασαι
528 1017 556 1083 δ’
580 1020 625 1099 ῶς
648 1021 688 1085 ἂν
711 1021 751 1100 μή
775 1041 854 1085 ποτε
876 1023 1093 1101 παυσόμενον.

260 1118 341 1184 Ἀλλ’
367 1119 422 1185 ὅτε
445 1140 496 1199 μοι
520 1121 709 1200 Νεμεσηνός
732 1121 812 1187 ὅλον
835 1124 1025 1202 παρέκλινεν
1047 1123 1171 1205 ἑαυτόν,

317 1219 431 1285 Πάντα
453 1222 562 1300 διδοὺς
585 1222 605 1285 ἃ
628 1223 721 1301 θέλω,
743 1224 859 1302 νεκρὸν
881 1222 1096 1304 ἀπεκρέμασο,

259 1320 370 1385 Τείνεο
393 1322 444 1386 καὶ
467 1321 595 1400 ρήσσου
618 1322 670 1385 καὶ
693 1322 849 1403 δάκρυε·
871 1324 978 1388 πάντα
998 1327 1156 1406 ματαίως·

315 1421 382 1500 Οὐχ
404 1422 485 1500 ἕξεις
507 1422 601 1487 ἔλεον
623 1424 731 1503 χειρὸς
754 1422 811 1503 ἀφ’
834 1422 998 1505 ἡμετέρης.

175 1525 285 1601 Itaque
308 1525 487 1584 foedissima
510 1529 711 1604 ambiguitate
732 1530 837 1588 ludere
859 1539 985 1606 poetam
1001 1532 1196 1590 manifestum
1219 1543 1277 1594 est.

274 1883 367 1942 Libro
389 1883 432 1940 IX
454 1902 483 1943 u.
506 1883 566 1958 289
590 1884 614 1942 L
639 1899 678 1960 74
699 1885 732 1942 M
777 1886 902 1944 codices

258 1986 367 2062 arripio
390 1992 422 2042 et
443 1993 575 2044 rostrum
597 1986 762 2062 labeatque
785 1986 844 2044 hoc
866 1987 1023 2046 referiatin

257 2087 396 2162 percutio
414 2088 586 2161 dentesque
607 2088 758 2145 aduorsos
782 2088 914 2146 discutio
938 2090 1047 2158 omnis,

175 2206 243 2246 cum
265 2188 442 2265 praebeant,
466 2187 618 2264 labaalque
639 2198 723 2246 recte
746 2190 925 2248 emendauit
946 2191 1094 2250 Bentinus
1116 2192 1148 2250 in
1168 2192 1273 2250 medio

174 2307 265 2346 uersu
291 2288 445 2364 labeasque
466 2307 597 2365 ponem,
622 2299 787 2348 exeuntem
809 2292 932 2349 sanauit
952 2291 1151 2352 Lachmanno
1173 2294 1276 2351 iudice

172 2390 276 2448 Iunius
302 2391 456 2466 corrigens
484 2390 652 2466 Zopyrz'am'‚
682 2393 740 2450 nisi
768 2394 854 2468 quod
879 2394 945 2469 ipse
973 2395 1088 2452 mauult
1109 2393 1162 2450 hoc
1187 2393 1275 2468 Zopy-

172 2492 261 2558 riam',
282 2491 350 2547 huic
375 2489 537 2565 Zopyrr'am'
561 2492 665 2550 Iunius
688 2494 817 2570 scripsit.
863 2494 1028 2552 Probarem
1037 2489 1070 2572 ¹),
1100 2495 1131 2552 ni
1155 2494 1274 2568 longius

173 2614 191 2653 a
213 2595 333 2651 traditis
358 2595 543 2663 discederet,
569 2593 646 2651 Iunii
669 2595 772 2669 potius
795 2603 1003 2652 commentum
1025 2625 1061 2636 -—
1083 2613 1155 2652 nam
1177 2588 1273 2661 ‘hac',

172 2695 290 2752 scilicet
312 2695 393 2753 fuste
420 2712 489 2752 sero
512 2694 640 2752 relatum
663 2695 789 2770 languet
813 2726 852 2734 —
876 2713 968 2770 quam
991 2696 1076 2770 quod
1099 2695 1219 2771 Uarges
1243 2695 1274 2752 in

172 2793 251 2854 Mus.
274 2795 374 2854 Rhen.
405 2795 448 2852 III
474 2794 550 2868 1835
580 2813 610 2869 p.
634 2793 674 2852 60
703 2795 846 2863 coniecit,
880 2796 931 2870 qui
963 2796 1004 2852 de
1028 2796 1148 2874 Zopyro
1180 2795 1275 2854 Persa

172 2896 311 2971 cogitans
334 2896 485 2969 scripserit
506 2895 556 2952 hoc
576 2896 764 2969 zopyrralim:
798 2898 883 2972 quod
905 2914 974 2954 cum
1009 2897 1120 2955 frustra
1148 2899 1274 2956 studeat

172 2999 315 3056 euincere
337 2996 471 3071 legitime
495 3013 573 3054 -esse
595 2997 768 3055 deriuatum
798 3015 816 3053 a
842 3015 921 3056 uoce
943 2998 1090 3076 Zopyrus,
1123 2998 1205 3057 hunc
1226 3015 1273 3054 se·

173 3107 261 3156 cutus
287 3096 452 3154 Muellerus
486 3097 614 3154 deducit
648 3099 817 3172 zoparz'atz'm
848 3098 931 3156 istud
965 3117 983 3155 a
1016 3115 1095 3156 uoce
1122 3097 1271 3171 Zopyrion,

174 3216 264 3276 quem
295 3205 384 3274 putat
405 3195 566 3271 plagosum
588 3214 711 3255 seruum
730 3199 837 3256 Lucilii
867 3198 969 3257 fuisse.
1014 3199 1190 3256 Fatendum
1215 3206 1271 3266 est,

173 3303 213 3358 de
236 3300 294 3356 hac
315 3317 347 3355 re
369 3296 442 3355 nihil
464 3313 521 3354 nos
544 3298 635 3355 scire:
670 3299 745 3356 libro
767 3298 856 3356 XXII
878 3314 936 3371 521
963 3298 989 3356 L
1012 3315 1031 3374 9
1053 3299 1086 3356 M
1118 3301 1158 3357 de
1182 3314 1271 3356 seruo

172 3402 303 3478 plagoso
330 3399 401 3456 nihil
426 3415 501 3456 sane
526 3399 721 3459 dictumest.
745 3430 786 3440 —
808 3400 995 3474 Flagitamus
1018 3402 1042 3458 si
1073 3400 1146 3476 quid
1178 3399 1271 3455 uideo

172 3502 311 3560 datiuum
333 3501 374 3556 ad
386 3516 496 3556 uocem
514 3499 645 3572 percutio
660 3499 866 3574 pertinentem
887 3508 981 3575 atque
994 3500 1137 3574 quoniam
1157 3497 1271 3553 menda

172 3601 264 3662 Nonii
287 3603 453 3659 litterarum
475 3599 713 3676 transpositione
735 3608 802 3657 orta
825 3617 893 3658 esse
914 3601 1065 3675 permulta
1085 3606 1192 3656 notum
1214 3605 1271 3665 est,

171 3705 367 3781 agnoscimus
389 3704 420 3760 in
432 3702 539 3759 litteris
554 3701 702 3777 corruptis
717 3701 856 3759 datiuum
871 3701 1029 3776 singularis
1041 3697 1158 3758 numeri
1178 3697 1272 3774 parti·

171 3806 241 3882 cipii
269 3804 439 3881 praesentis
461 3803 492 3860 in
521 3803 603 3860 ·anti
619 3810 793 3871 exeuntem,
818 3802 904 3860 uelut
927 3800 1080 3861 quenalis
1103 3800 1178 3858 dicit
1199 3793 1269 3857 ‘co-

273 4071 292 4141 ¹)
310 4072 472 4140 Ζωπυρίων
482 4074 549 4125 enim
568 4075 639 4142 apud
656 4075 803 4125 Luciauum
812 4075 875 4140 περὶ
888 4077 947 4128 τῶν
966 4071 1010 4126 ἐπὶ
1021 4075 1112 4141 μισθῷ
1122 4072 1270 4126 συνόντων

170 4172 203 4223 23
222 4177 317 4210 nomen
336 4169 376 4212 est
395 4163 529 4214 hominum
547 4163 681 4214 uenalium
700 4170 727 4213 et
744 4162 900 4216 infimorum.
