2980 4752
735 169 770 227 91

204 335 292 392 XXX
320 335 447 408 scriptos
476 334 526 391 illo
554 352 614 409 quo
646 335 708 390 dixi
735 335 839 402 lustro,
872 336 1037 410 perlegeris
1068 346 1210 394 accurate
1233 339 1298 414 ipse

203 435 340 492 inuenies
362 453 491 492 uxorum
513 453 614 492 mores
636 436 783 511 prodigos
807 445 837 493 et
861 436 987 494 dolosos
1010 439 1176 512 castigatos
1198 457 1297 514 neque

202 512 356 594 dubitabis
390 537 461 610 quin
493 536 587 594 etiam
615 538 646 593 in
678 535 735 593 hac
767 553 799 592 re
821 537 929 594 Lucilii
957 537 1125 595 imitatores
1158 539 1236 596 sicut
1267 539 1298 596 in

202 638 405 695 insectatione
420 645 580 712 poetarum
602 636 754 696 rhetorum
776 638 948 696 Stoicorum
980 639 1173 696 inuentorem
1193 657 1298 714 presse

203 741 301 796 secuti
332 741 408 797 sint:
441 739 588 796 Horatius
622 738 718 798 altera
747 740 812 796 libri
838 741 976 815 primoris
999 741 1148 798 quenalis
1180 741 1298 798 famosa

200 842 249 898 illa
270 850 358 900 sexta
381 850 492 901 satura.
536 840 699 900 Concedes
723 842 867 916 denique,
896 850 1016 898 uteret
1038 842 1146 900 Lucilii
1168 843 1296 910 animus,

199 945 232 1000 111
253 943 310 1000 ho'c
340 961 453 1017 genere
478 942 551 998 nihil
575 943 670 1000 luisse
693 951 756 1000 tum
778 945 877 1017 aptius
905 943 988 1017 quod
1017 951 1120 1000 satura
1148 943 1297 1002 laceraret

200 1063 290 1118 quarn
313 1044 509 1101 Macedonici
540 1043 620 1100 illam
648 1045 688 1101 de
717 1044 832 1101 ciuibus
861 1061 971 1100 uxores
999 1045 1113 1101 ducere
1148 1045 1297 1117 cogendis

202 1145 373 1201 orationem
395 1161 524 1218 eamque
548 1162 616 1200 cum
638 1145 671 1202 id
692 1163 790 1219 genus
815 1153 961 1202 tractaret
988 1146 1126 1220 tetigisse
1150 1136 1298 1202 Lucilium

200 1245 314 1319 utique.
332 1277 369 1284 -—
391 1245 444 1302 Eis
468 1263 545 1318 quae
568 1247 662 1302 modo
678 1247 805 1320 exposui
820 1245 869 1303 illa
895 1246 935 1302 ob
957 1263 1049 1320 quam
1073 1247 1201 1305 Mueller
1222 1246 1297 1304 edit.

199 1365 231 1421 p.
256 1361 314 1422 297
346 1346 594 1404 retractationem
616 1355 786 1404 saturarum
813 1346 897 1404 finxit
919 1347 1081 1405 difficultas
1110 1356 1183 1422 apte
1205 1364 1298 1422 expe·

176 1441 266 1504 'dita
289 1456 344 1506 est.
390 1447 497 1521 Itaque
521 1447 585 1504 libri
608 1447 858 1505 XXVI—XXIX
891 1457 921 1504 et
951 1449 1080 1506 fortasse
1113 1467 1175 1506 una
1208 1448 1297 1506 XXX

200 1549 342 1623 Scipione
363 1549 531 1622 Laelioque
562 1550 638 1605 uiuis
666 1549 768 1623 scripti
796 1558 866 1606 sunt
888 1551 975 1607 annis
999 1549 1132 1623 6231131
1159 1547 1297 1622 6241130

200 1649 337 1723 6251129
354 1643 377 1724 ¹)
408 1669 477 1706 cum
505 1648 662 1706 Cornelius
690 1651 792 1724 Lupus
826 1651 967 1725 princeps
998 1660 1122 1708 senatus
1153 1650 1295 1708 Metellus

198 1751 420 1808 Macedonicus
456 1769 565 1808 censor
598 1759 689 1810 esset.
745 1751 819 1808 Post
854 1751 1003 1826 Scipionis
1037 1761 1165 1809 mortem
1199 1747 1295 1824 (anno

199 1847 351 1930 6251129)
384 1853 503 1928 longius
527 1853 718 1911 interuallum
750 1855 905 1911 scribendi
938 1862 1032 1928 poeta
1066 1854 1156 1912 fecit:
1194 1869 1295 1928 neque

200 1954 281 2010 enim
303 1954 394 2011 libros
417 1955 521 2012 XXIX
538 1963 569 2010 et
584 1955 671 2011 XXX
693 1955 808 2012 cumin
832 1955 892 2012 hoc
914 1956 954 2011 de
977 1951 1129 2012 ducendis
1151 1954 1294 2011 uxoribus

199 2064 306 2128 agatur
339 2056 457 2130 longius
492 2057 673 2113 remouerim
706 2057 744 2113 ab
780 2075 861 2114 anno
897 2055 1030 2131 623l131
1068 2056 1118 2111 uel
1156 2053 1294 2128 6241130

199 2175 299 2232 neque
323 2166 391 2214 tres.
406 2166 525 2214 tantum
547 2158 639 2216 libros
663 2177 680 2214 a
704 2158 846 2232 Scipione
870 2160 1010 2232 cognitos
1034 2159 1170 2224 dixerim.

300 2258 392 2314 Libro
405 2257 420 2313 Ι
431 2258 531 2331 agitur
546 2259 585 2314 de
597 2258 719 2314 interitu
731 2257 824 2332 Lupi:
845 2259 966 2333 Lupum
977 2268 1131 2316 mortuum
1147 2276 1215 2316 esse
1225 2276 1294 2320 'cer-

201 2367 264 2416 tum
279 2368 326 2416 est
347 2358 425 2415 intra
439 2376 536 2415 annos
549 2357 686 2432 6261128
703 2368 865 2416 exeuntem
882 2368 914 2416 et
929 2358 1066 2434 629l125
1083 2360 1250 2426 ineuntem,
1270 2360 1295 2415 si

201 2469 283 2516 recte
306 2478 397 2535 supra
410 2461 549 2527 disserui,
573 2478 655 2518 anno
672 2458 820 2532 6281126,
843 2463 867 2518 si
879 2479 979 2518 meam
997 2463 1036 2517 de
1050 2469 1234 2536 tempestate
1246 2460 1296 2516 illa

202 2563 410 2618 coniecturam
425 2561 585 2636 reprobas¹
612 2562 741 2620 fortasse
754 2581 836 2620 anno
849 2562 1002 2637 6271127,
1025 2580 1138 2637 nempe
1160 2561 1219 2618 hoe
1233 2581 1295 2618 non

202 2662 328 2718 multum
352 2663 459 2720 differt.
482 2664 590 2720 Satura
612 2672 677 2720 tota
700 2663 789 2738 friget
812 2683 848 2721 ac
871 2673 971 2739 torpet
993 2664 1050 2720 nisi
1067 2663 1092 2720 si
1107 2662 1225 2719 Romae
1248 2671 1296 2719 est

200 2763 303 2819 statim
329 2772 400 2838 post
430 2772 559 2820 mortem
581 2764 659 2838 Lupi
685 2775 717 2822 et
740 2767 852 2840 scripta
874 2774 905 2821 ot
927 2765 1021 2831 edita,
1056 2765 1135 2821 sicut
1157 2764 1294 2820 Senecae

200 2864 289 2920 ludus
323 2865 363 2920 de
395 2873 492 2921 morte
527 2865 589 2921 diui
613 2863 735 2922 Claudii
768 2867 870 2922 statim
903 2875 974 2940 post
1002 2875 1132 2923 mortem
1155 2863 1294 2922 Caesaris

200 2965 300 3021 editus
335 2983 403 3021 esse
436 2963 591 3039 putandus
624 2974 680 3023 est.
732 2965 840 3039 ltaque
877 2975 1005 3040 apparet
1043 2975 1117 3040 puto
1151 2965 1295 3021 librumi

201 3065 320 3121 Romae
342 3067 458 3122 editum
481 3083 558 3146 esse¹
572 3083 654 3121 anno
678 3065 740 3122 fere
764 3065 911 3136 6281126.

300 3166 392 3222 Libro
423 3167 452 3223 ΙΙ
486 3169 630 3224 iudicium
664 3166 784 3224 Albucii
816 3176 848 3224 et
881 3167 974 3225 Mucii
1008 3167 1193 3224 celebratum
1226 3185 1294 3224 esse

200 3284 290 3339 supra
322 3267 463 3341 probaui:
498 3270 583 3342 quod
609 3286 718 3325 reuera
753 3268 867 3326 factum
891 3279 938 3326 est
960 3287 1041 3326 anno
1065 3268 1204 3343 6341120
1226 3287 1294 3326 cum

201 3367 320 3424 Mucius
345 3385 425 3424 anno
448 3368 581 3443 633l121
609 3380 732 3445 praetor
755 3371 848 3428 Asiae
872 3371 1051 3446 prouinciae
1074 3371 1172 3428 fuerit.
1217 3367 1293 3441 (Cic.

200 3468 240 3522 de
256 3485 298 3525 or.
313 3468 340 3524 Π
357 3467 439 3541 269).
462 3469 569 3544 ltaque
586 3489 655 3528 curn
670 3471 742 3527 nihil
767 3473 864 3545 magis
879 3473 1053 3529 cauendum
1071 3489 1140 3529 esse
1152 3471 1295 3527 uideatur

200 3569 319 3626 comico
331 3579 384 3624 aut
399 3571 520 3627 satirico
534 3589 625 3646 quam
641 3573 810 3630 admodum
822 3569 996 3647 ὑστερίζειν
1008 3573 1072 3633 τῶν
1087 3568 1294 3648 πραγμάτων,

200 3671 279 3727 circa
302 3687 414 3726 annum
442 3669 579 3744 635l119
611 3672 718 3728 librum
751 3674 879 3730 alterum
912 3693 981 3732 esse
1015 3677 1161 3751 scriptum
1196 3692 1292 3732 sumo,

201 3769 325 3828 Librum
348 3770 390 3826 XI
420 3771 500 3827 cirea
532 3790 646 3829 annum
675 3773 815 3846 644l110
845 3785 1027 3849 sequentem
1057 3778 1201 3851 scriptum
1225 3792 1293 3832 esse

269 4044 272 4052 ,
300 4006 320 4072 ¹)
339 4007 467 4057 Lucilium
485 4008 553 4056 intra
572 4015 624 4056 tres
644 4025 726 4058 annos
752 4016 804 4057 tam
828 4010 910 4059 multa
929 4011 1064 4074 scripsisse
1082 4025 1116 4058 ne
1134 4010 1236 4060 mireris
1255 4010 1294 4059 ‘in

199 4093 265 4143 hora
285 4111 363 4160 saepe
382 4096 511 4146 ducentos
533 4133 538 4146 .
559 4133 565 4145 .
586 4112 677 4146 uersus
699 4097 814 4146 dictabat
833 4106 904 4146 stans
923 4099 991 4163 pede
1010 4099 1037 4146 in
1055 4097 1124 4150 uno’.
