2998 4744
751 215 790 288 38

219 404 312 477 bIgua
346 412 376 460 ct
411 404 528 462 incerta
550 411 666 478 agatur.
712 403 856 476 Magnam
884 403 1056 460 doctrinam
1077 402 1186 459 Lucilii
1217 402 1321 458 multis

220 505 293 561 locis
317 504 387 561 licet
409 505 523 562 mirari:
547 514 651 561 tamen
672 505 764 561 etiam
787 521 922 561 amorem
938 503 1130 574 Xenocratis,
1155 503 1206 576 qui
1228 505 1323 559 lrzstzt

222 624 257 661 ac
269 624 387 662 seuerus
401 605 591 680 philosophus
613 607 733 662 dicatur
756 604 889 662 XXVIII
900 624 929 662 u.
942 603 1003 676 684
1017 604 1042 660 L
1070 619 1104 661 12
1118 604 1150 660 M
1173 621 1246 678 erga
1262 603 1322 659 Ρο-

219 707 371 764 lemonem
399 707 581 781 discipulum
612 707 696 781 tangi
719 724 747 766 u.
770 705 829 777 085
854 707 878 764 L
906 721 939 777 13
963 705 1006 777 M,
1041 724 1110 762 curn
1132 723 1210 762 unus
1241 705 1322 761 haec

219 809 323 865 tradat
343 808 515 882 Aristippus
539 809 623 882 apud
648 807 748 866 Laert.
771 806 815 863 IV
841 823 893 880 19:
922 801 976 881 Ὡς
998 802 1090 885 ἐῴκει
1113 803 1151 879 δὴ
1175 801 1194 865 ὁ
1218 801 1321 865 Πολέ-

220 925 287 982 μων
315 904 395 968 κατὰ
424 903 530 970 πάντα
560 904 709 982 ἐζηλώκει
731 904 788 968 τὸν
810 902 1032 982 Ξενοκράτην’
1063 904 1115 966 καὶ
1145 904 1322 980 ἐρασθῆναι

220 1005 320 1070 αὐτοῦ
343 1021 444 1086 φησιν
467 1005 677 1085 Ἀρίστιππος
707 1006 742 1069 ἐν
769 1004 911 1087 τετάρτῳ
938 1005 1010 1083 περὶ
1032 1007 1174 1082 παλαιᾶς
1196 1007 1321 1083 τρυφῆς

220 1143 258 1152 -
282 1129 343 1168 non
366 1112 546 1186 sumpserim
576 1129 645 1170 cum
667 1111 837 1168 editoribus
861 1111 923 1167 fere
947 1111 1088 1167 omnibus
1098 1106 1131 1186 ¹),
1166 1110 1238 1183 quia
1269 1127 1321 1166 co-

220 1212 305 1270 dices
328 1213 414 1286 quod
436 1212 565 1270 habent:

305 1313 452 1370 Polemon
474 1321 505 1370 et
532 1313 655 1378 amauit,
679 1321 776 1370 morte
799 1310 887 1386 (corr.
913 1311 1037 1370 Lachm.
1061 1313 1154 1371 codd.
1176 1307 1320 1386 mortem)

873 1413 944 1470 huic
967 1413 1132 1470 transmisit
1148 1431 1236 1470 suam

303 1514 428 1572 scholen
450 1533 542 1590 quam
564 1514 671 1572 dicunt

221 1623 304 1672 recte
327 1634 360 1672 se
383 1616 478 1673 habet
489 1633 537 1674 me
555 1615 664 1674 Iudice.
687 1617 879 1690 Scripserunt
894 1615 974 1670 enim
989 1615 1125 1672 editores
1143 1615 1320 1671 Polemonem

220 1717 334 1772 anrouit
353 1717 470 1774 scilicet
492 1718 693 1784 Xenocrates
717 1724 873 1773 sumentes
896 1716 982 1789 quod
1004 1735 1043 1772 ne
1058 1717 1229 1791 Aristippus
1252 1718 1319 1790 qui·

219 1816 290 1872 dem
314 1817 478 1873 tradidisse
500 1817 630 1883 uidetur,
654 1835 755 1891 neque
781 1825 815 1872 ut
835 1824 901 1872 erat
922 1811 1034 1873 ‘tristis
1059 1835 1096 1873 ac
1111 1835 1237 1874 seuerus
1253 1817 1319 1892 phi·

219 1915 410 1993 losophus²)‚
441 1918 531 1974 rebus
563 1917 703 1974 uenereis
729 1917 942 1974 infestissimus
966 1911 1084 1994 (Laert.
1107 1918 1126 1976 l.
1148 1920 1166 1978 l.
1192 1923 1224 1994 7)
1258 1919 1320 1976 ulla

221 2017 338 2073 ratione
352 2019 473 2092 probari
496 2025 606 2092 potest,
630 2018 739 2091 ltaque
767 2001 867 2092 agitur
888 2018 934 2074 his
950 2035 1000 2078 uu.
1024 2020 1064 2075 de
1092 2017 1216 2078 Cratete
1239 2024 1319 2078 Aca·

221 2117 342 2174 demico
351 2114 375 2191 ³)
391 2135 571 2176 successore
583 2117 767 2186 Polemonis,
787 2120 837 2194 qui
860 2126 987 2176 auctore
1002 2121 1159 2194 Antigono
1180 2120 1319 2196 Carystio

219 2217 337 2292 (Laert.
362 2217 379 2277 l.
402 2218 419 2276 l.
444 2213 496 2294 22)
518 2235 587 2274 eum
610 2220 732 2287 amauit,
757 2227 849 2294 atque
871 2222 1077 2294 praecessisse
1100 2221 1245 2278 uidentur
1260 2222 1320 2279 hoc

221 2318 425 2392 fragmentum
437 2319 501 2376 fere
513 2319 604 2377 haec:
634 2320 731 2376 docuit
745 2318 855 2377 Cratem
872 2321 1019 2379 Polemon
1034 2330 1066 2378 et
1078 2323 1193 2380 amauit
1207 2341 1232 2384 e.
1250 2341 1276 2398 q.
1295 2342 1318 2384 s,

220 2418 309 2476 Conf.
324 2420 455 2479 Laertl.
470 2421 487 2478 1.
513 2437 547 2476 21
576 2416 699 2497 Κράτης
714 2417 838 2497 πατρὸς
862 2421 918 2496 μὲν
940 2418 979 2497 ἦν
991 2418 1202 2499 Ἀντιγένους,
1226 2419 1320 2498 Θριά-

218 2533 291 2595 σιος
321 2519 355 2580 δὲ
378 2518 434 2582 τὸν
457 2521 558 2597 δῆμον
588 2519 640 2582 καὶ
662 2518 824 2597 ἀκροατὴς
856 2519 921 2598 ἅμα
951 2522 1003 2583 καὶ
1032 2521 1194 2600 ἐρώμενος
1216 2523 1320 2586 Πολέ-

219 2638 333 2696 μωνος.
385 2617 479 2682 Ἀλλὰ
506 2619 558 2682 καὶ
585 2620 747 2685 διεδέξατο
783 2621 841 2697 τὴν
869 2621 993 2699 σχολὴν
1027 2621 1135 2686 αὐτοῦ.
1187 2626 1319 2685 Cratetis

219 2721 324 2798 Cynici
353 2724 489 2779 meminit
512 2724 643 2780 Lucilius
673 2725 747 2780 libro
768 2724 885 2781 XXVII
912 2744 941 2781 u.
967 2725 1026 2797 652
1051 2727 1075 2782 L
1101 2743 1136 2782 22
1163 2727 1193 2784 M
1227 2747 1319 2802 quem

219 2824 399 2882 Lachmann
422 2827 615 2884 emendauit:
639 2822 743 2900 (codd.
765 2827 846 2883 euim
869 2845 909 2883 an
931 2827 1116 2901 pereiciam.
1140 2875 1145 2887 .
1172 2874 1178 2887 .
1202 2823 1319 2906 amare)

617 2944 676 3002 ego
698 2929 830 2984 animam
852 2929 997 3003 proiciam

304 3035 337 3080 ut
360 3043 409 3080 me
432 3044 535 3083 amore
558 3025 739 3102 expediam?

200 3125 273 3184 'Est
302 3125 383 3180 enim
412 3125 543 3184 Cratetis
575 3129 691 3185 dictum
720 3132 899 3206 saepissIme
928 3131 1086 3188 laudatum
1115 3132 1153 3188 ab
1184 3132 1316 3205 antiquis

219 3224 415 3301 scriptoribus
438 3235 469 3283 et
491 3229 643 3301 prouerbii
666 3230 735 3287 loco
759 3241 956 3306 usurpatum:

225 3367 418 3378 *a---m-n—

321 3433 341 3503 ¹)
360 3435 402 3485 Sic
426 3436 502 3485 etiam
522 3437 699 3487 Wilamowitz
728 3441 761 3488 de
783 3441 918 3504 Antigono
943 3441 1061 3507 Carystio
1080 3440 1189 3508 (Philol.
1210 3443 1319 3494 Unters.

218 3523 270 3590 IV)
289 3539 314 3588 p·
335 3536 376 3587 49·

319 3611 339 3676 ²)
357 3613 489 3663 Uidentur
506 3613 573 3664 haec
592 3616 682 3675 uerba,
707 3633 856 3682 quanquam
880 3619 913 3667 ad
932 3618 1029 3668 multos
1048 3627 1158 3683 possunt
1177 3621 1316 3685 pertinere,

218 3701 252 3750 de
271 3701 422 3750 Xenocrate
441 3716 500 3750 esse
520 3702 600 3753 dicta:
621 3705 688 3754 cons.
708 3707 794 3756 Laert.
814 3706 833 3757 I.
852 3706 870 3756 1.
891 3707 921 3755 6:
956 3706 1060 3772 Σεμνός
1081 3707 1112 3758 δέ
1136 3707 1172 3759 τά
1199 3722 1230 3760 τε
1250 3708 1319 3760 ἄλλα

218 3789 396 3855 Ξενοκράτης
415 3791 459 3842 καὶ
479 3791 646 3857 σκυθρωπὸς
666 3792 707 3844 ἀεὶ
730 3797 786 3846 κτλ.
824 3797 910 3844 Locos
929 3796 994 3845 istos
1014 3811 1080 3860 quos
1105 3797 1178 3846 attuli
1199 3798 1246 3847 etsi
1264 3814 1317 3847 non

218 3878 336 3927 laudauit
355 3885 443 3928 tamen
462 3881 608 3945 respexisse
627 3882 733 3931 uidetur
752 3885 783 3932 L.
804 3884 837 3932 ad
855 3884 932 3935 Lucr.
952 3901 978 3949 p.
1001 3897 1056 3948 170.

319 3965 341 4034 ³)
360 3968 440 4018 Cuius
459 3985 553 4019 nomen
566 3977 595 4019 ut
615 3986 646 4019 ex
657 3970 789 4020 Gerlachii
807 3972 921 4022 editione
944 3973 994 4022 iam
1009 3974 1095 4033 uideo,
1118 3975 1170 4024 duo
1183 3976 1232 4024 uiri
1246 3976 1317 4024 docti

218 4055 281 4105 huie
298 4072 323 4107 ιι.
343 4056 483 4118 infeliciter
503 4058 587 4108 conati
607 4067 667 4108 sunt
684 4060 826 4110 intrudere.
855 4063 907 4110 Pro
923 4070 1033 4112 mortem
1043 4060 1181 4114 Franclien
1198 4063 1216 4116 1.
1229 4064 1248 4114 l.
1258 4080 1317 4128 pro-

218 4145 305 4210 posuit
329 4153 424 4199 artem.
