<?xml version="1.0" encoding="UTF-8"?>
<!DOCTYPE html PUBLIC "-//W3C//DTD XHTML 1.0 Transitional//EN"
    "http://www.w3.org/TR/xhtml1/DTD/xhtml1-transitional.dtd">
<html xmlns="http://www.w3.org/1999/xhtml" xml:lang="en" lang="en">
 <head>
  <title>
</title>
<meta http-equiv="Content-Type" content="text/html;charset=utf-8" />
  <meta name='ocr-system' content='tesseract 3.04.00' />
  <meta name='ocr-capabilities' content='ocr_page ocr_carea ocr_par ocr_line ocrx_word'/>
</head>
<body>
  <div class='ocr_page' id='page_1' title='image "./studialuciliana00marxgoog_0097.png"; bbox 0 0 2980 4752; ppageno 0'>
   <div class='ocr_carea' id='block_1_1' title="bbox 761 228 801 304">
    <p class='ocr_par' dir='ltr' id='par_1_1' title="bbox 761 228 801 304">
     <span class='ocr_line' id='line_1_1' title="bbox 761 228 801 304; baseline 0 0"><span class='ocrx_word' id='word_1_1' title='bbox 761 228 801 304; x_wconf 83' lang='lat'>84</span> 
     </span>
    </p>
   </div>
   <div class='ocr_carea' id='block_1_2' title="bbox 220 411 1334 3022">
    <p class='ocr_par' dir='ltr' id='par_1_2' title="bbox 233 411 1310 492">
     <span class='ocr_line' id='line_1_2' title="bbox 233 411 1310 492; baseline 0.006 -22"><span class='ocrx_word' id='word_1_2' title='bbox 233 411 355 472; x_wconf 86' lang='lat' dir='ltr'>Deinde</span> <span class='ocrx_word' id='word_1_3' title='bbox 381 414 582 492; x_wconf 80' lang='lat' dir='ltr'><strong>fragmentum</strong></span> <span class='ocrx_word' id='word_1_4' title='bbox 607 417 683 475; x_wconf 92' lang='lat' dir='ltr'>illud</span> <span class='ocrx_word' id='word_1_5' title='bbox 707 415 782 474; x_wconf 92' lang='lat' dir='ltr'>mire</span> <span class='ocrx_word' id='word_1_6' title='bbox 807 424 953 474; x_wconf 87' lang='lat' dir='ltr'>uexatum</span> <span class='ocrx_word' id='word_1_7' title='bbox 977 426 1025 476; x_wconf 86' lang='lat' dir='ltr'>est</span> <span class='ocrx_word' id='word_1_8' title='bbox 1052 435 1070 473; x_wconf 91' lang='lat' dir='ltr'>a</span> <span class='ocrx_word' id='word_1_9' title='bbox 1098 417 1169 476; x_wconf 92' lang='lat' dir='ltr'>uiris</span> <span class='ocrx_word' id='word_1_10' title='bbox 1193 418 1310 478; x_wconf 92' lang='lat' dir='ltr'>doctis:</span> 
     </span>
    </p>

    <p class='ocr_par' dir='ltr' id='par_1_3' title="bbox 317 513 1334 597">
     <span class='ocr_line' id='line_1_3' title="bbox 317 513 1334 597; baseline 0.002 -23"><span class='ocrx_word' id='word_1_11' title='bbox 317 515 434 575; x_wconf 88' lang='lat' dir='ltr'>Publiu&#39;</span> <span class='ocrx_word' id='word_1_12' title='bbox 450 516 544 575; x_wconf 88' lang='lat' dir='ltr'>Pauu&#39;</span> <span class='ocrx_word' id='word_1_13' title='bbox 560 517 633 576; x_wconf 92' lang='lat' dir='ltr'>mihi</span> <span class='ocrx_word' id='word_1_14' title='bbox 644 517 663 592; x_wconf 93' lang='lat'>†</span> <span class='ocrx_word' id='word_1_15' title='bbox 674 517 860 577; x_wconf 89' lang='lat' dir='ltr'>Turbitanus</span> <span class='ocrx_word' id='word_1_16' title='bbox 876 515 933 590; x_wconf 89' lang='lat' dir='ltr'>(sic</span> <span class='ocrx_word' id='word_1_17' title='bbox 946 519 971 576; x_wconf 93' lang='lat' dir='ltr'>L</span> <span class='ocrx_word' id='word_1_18' title='bbox 987 535 1018 593; x_wconf 90' lang='lat'>1;</span> <span class='ocrx_word' id='word_1_19' title='bbox 1042 518 1136 577; x_wconf 89' lang='lat' dir='ltr'>ceteri</span> <span class='ocrx_word' id='word_1_20' title='bbox 1154 513 1334 597; x_wconf 81' lang='lat' dir='ltr'>Tube&#39;tanus)</span> 
     </span>
    </p>

    <p class='ocr_par' dir='ltr' id='par_1_4' title="bbox 961 620 1246 697">
     <span class='ocr_line' id='line_1_4' title="bbox 961 620 1246 697; baseline 0.007 -21"><span class='ocrx_word' id='word_1_21' title='bbox 961 628 1109 697; x_wconf 83' lang='lat' dir='ltr'>quaestor</span> <span class='ocrx_word' id='word_1_22' title='bbox 1130 620 1246 679; x_wconf 89' lang='lat' dir='ltr'>Hibera</span> 
     </span>
    </p>

    <p class='ocr_par' dir='ltr' id='par_1_5' title="bbox 230 715 1334 1808">
     <span class='ocr_line' id='line_1_5' title="bbox 315 715 1139 796; baseline 0.007 -19"><span class='ocrx_word' id='word_1_23' title='bbox 315 719 350 778; x_wconf 94' lang='lat' dir='ltr'>In</span> <span class='ocrx_word' id='word_1_24' title='bbox 374 727 454 783; x_wconf 86' lang='lat' dir='ltr'>terra</span> <span class='ocrx_word' id='word_1_25' title='bbox 477 720 541 791; x_wconf 85' lang='lat' dir='ltr'>luit,</span> <span class='ocrx_word' id='word_1_26' title='bbox 562 720 725 796; x_wconf 81' lang='lat' dir='ltr'>lucifugas,</span> <span class='ocrx_word' id='word_1_27' title='bbox 748 720 861 779; x_wconf 89' lang='lat' dir='ltr'>nebulo</span> <span class='ocrx_word' id='word_1_28' title='bbox 883 723 916 779; x_wconf 88' lang='lat' dir='ltr'>id</span> <span class='ocrx_word' id='word_1_29' title='bbox 937 715 1030 796; x_wconf 91' lang='lat' dir='ltr'>genu&#39;</span> <span class='ocrx_word' id='word_1_30' title='bbox 1053 740 1139 783; x_wconf 88' lang='lat' dir='ltr'>sane.</span> 
     </span>
     <span class='ocr_line' id='line_1_6' title="bbox 232 819 1334 897; baseline 0.005 -19"><span class='ocrx_word' id='word_1_31' title='bbox 232 819 364 878; x_wconf 82' lang='lat' dir='ltr'>Gerlach</span> <span class='ocrx_word' id='word_1_32' title='bbox 399 823 450 880; x_wconf 90' lang='lat' dir='ltr'>ed.</span> <span class='ocrx_word' id='word_1_33' title='bbox 478 839 508 896; x_wconf 88' lang='lat' dir='ltr'>p.</span> <span class='ocrx_word' id='word_1_34' title='bbox 537 821 608 879; x_wconf 90' lang='lat' dir='ltr'>XLI</span> <span class='ocrx_word' id='word_1_35' title='bbox 642 819 743 878; x_wconf 76' lang='lat' dir='ltr'>l&#39;eruus</span> <span class='ocrx_word' id='word_1_36' title='bbox 776 831 863 897; x_wconf 91' lang='lat' dir='ltr'>putat</span> <span class='ocrx_word' id='word_1_37' title='bbox 896 841 966 880; x_wconf 91' lang='lat' dir='ltr'>esse</span> <span class='ocrx_word' id='word_1_38' title='bbox 999 840 1113 882; x_wconf 90' lang='lat' dir='ltr'>nomeu</span> <span class='ocrx_word' id='word_1_39' title='bbox 1146 824 1277 882; x_wconf 90' lang='lat' dir='ltr'>ioculare</span> <span class='ocrx_word' id='word_1_40' title='bbox 1313 845 1334 884; x_wconf 87' lang='lat' dir='ltr'>a</span> 
     </span>
     <span class='ocr_line' id='line_1_7' title="bbox 231 921 1332 1001; baseline 0.002 -21"><span class='ocrx_word' id='word_1_41' title='bbox 231 921 402 997; x_wconf 89' lang='lat' dir='ltr'>pauonibus</span> <span class='ocrx_word' id='word_1_42' title='bbox 426 923 605 998; x_wconf 86' lang='lat' dir='ltr'>saginandis</span> <span class='ocrx_word' id='word_1_43' title='bbox 628 923 799 980; x_wconf 89' lang='lat' dir='ltr'>deductum</span> <span class='ocrx_word' id='word_1_44' title='bbox 822 953 859 966; x_wconf 92' lang='lat'>·-</span> <span class='ocrx_word' id='word_1_45' title='bbox 886 925 1019 999; x_wconf 85' lang='lat' dir='ltr'>neglexit</span> <span class='ocrx_word' id='word_1_46' title='bbox 1043 943 1124 1001; x_wconf 90' lang='lat' dir='ltr'>quae</span> <span class='ocrx_word' id='word_1_47' title='bbox 1147 925 1221 986; x_wconf 91' lang='lat' dir='ltr'>Plin.</span> <span class='ocrx_word' id='word_1_48' title='bbox 1243 926 1272 982; x_wconf 90' lang='lat' dir='ltr'>X</span> <span class='ocrx_word' id='word_1_49' title='bbox 1291 941 1332 998; x_wconf 87' lang='lat'>45</span> 
     </span>
     <span class='ocr_line' id='line_1_8' title="bbox 231 1022 1334 1102; baseline 0.005 -23"><span class='ocrx_word' id='word_1_50' title='bbox 231 1023 324 1081; x_wconf 89' lang='lat' dir='ltr'>tradit</span> <span class='ocrx_word' id='word_1_51' title='bbox 347 1053 387 1065; x_wconf 91' lang='lat'>-</span> <span class='ocrx_word' id='word_1_52' title='bbox 410 1022 545 1081; x_wconf 90' lang='lat' dir='ltr'>similiter</span> <span class='ocrx_word' id='word_1_53' title='bbox 567 1022 728 1082; x_wconf 81' lang='lat' dir='ltr'>Francken</span> <span class='ocrx_word' id='word_1_54' title='bbox 757 1025 835 1086; x_wconf 83' lang='lat' dir='ltr'>coni.</span> <span class='ocrx_word' id='word_1_55' title='bbox 865 1044 904 1083; x_wconf 90' lang='lat' dir='ltr'>cr.</span> <span class='ocrx_word' id='word_1_56' title='bbox 936 1045 965 1102; x_wconf 87' lang='lat' dir='ltr'>p.</span> <span class='ocrx_word' id='word_1_57' title='bbox 991 1040 1028 1100; x_wconf 89' lang='lat'>72</span> <span class='ocrx_word' id='word_1_58' title='bbox 1056 1027 1183 1087; x_wconf 90' lang='lat' dir='ltr'>iudicat.</span> <span class='ocrx_word' id='word_1_59' title='bbox 1229 1025 1334 1084; x_wconf 88' lang='lat' dir='ltr'>Pauus</span> 
     </span>
     <span class='ocr_line' id='line_1_9' title="bbox 231 1125 1331 1203; baseline 0.005 -22"><span class='ocrx_word' id='word_1_60' title='bbox 231 1133 262 1182; x_wconf 90' lang='lat' dir='ltr'>et</span> <span class='ocrx_word' id='word_1_61' title='bbox 285 1126 396 1183; x_wconf 90' lang='lat' dir='ltr'>iustum</span> <span class='ocrx_word' id='word_1_62' title='bbox 419 1142 593 1201; x_wconf 81' lang='lat' dir='ltr'>cognomen</span> <span class='ocrx_word' id='word_1_63' title='bbox 618 1125 671 1183; x_wconf 88' lang='lat' dir='ltr'>&#39;est</span> <span class='ocrx_word' id='word_1_64' title='bbox 694 1127 772 1184; x_wconf 90' lang='lat' dir='ltr'>sicut</span> <span class='ocrx_word' id='word_1_65' title='bbox 794 1128 894 1184; x_wconf 87' lang='lat' dir='ltr'>Anser</span> <span class='ocrx_word' id='word_1_66' title='bbox 916 1128 1026 1203; x_wconf 89' lang='lat' dir='ltr'>Aquila</span> <span class='ocrx_word' id='word_1_67' title='bbox 1048 1127 1155 1186; x_wconf 85' lang='lat' dir='ltr'>Gallus</span> <span class='ocrx_word' id='word_1_68' title='bbox 1179 1127 1331 1186; x_wconf 77' lang='lat' dir='ltr'>Graculus</span> 
     </span>
     <span class='ocr_line' id='line_1_10' title="bbox 230 1221 1332 1302; baseline 0.003 -19"><span class='ocrx_word' id='word_1_69' title='bbox 230 1227 354 1302; x_wconf 82' lang='lat' dir='ltr'>Mergus</span> <span class='ocrx_word' id='word_1_70' title='bbox 384 1226 504 1285; x_wconf 86' lang='lat' dir='ltr'>Merula</span> <span class='ocrx_word' id='word_1_71' title='bbox 536 1225 657 1286; x_wconf 87' lang='lat' dir='ltr'>Noctua</span> <span class='ocrx_word' id='word_1_72' title='bbox 680 1227 772 1286; x_wconf 90' lang='lat' dir='ltr'>Parra</span> <span class='ocrx_word' id='word_1_73' title='bbox 794 1226 906 1286; x_wconf 88' lang='lat' dir='ltr'>Passer</span> <span class='ocrx_word' id='word_1_74' title='bbox 928 1227 1000 1285; x_wconf 91' lang='lat' dir='ltr'>Pica</span> <span class='ocrx_word' id='word_1_75' title='bbox 1022 1228 1145 1287; x_wconf 90' lang='lat' dir='ltr'>Turdus</span> <span class='ocrx_word' id='word_1_76' title='bbox 1160 1221 1184 1300; x_wconf 91' lang='lat'>¹)</span> <span class='ocrx_word' id='word_1_77' title='bbox 1214 1229 1273 1286; x_wconf 90' lang='lat' dir='ltr'>alia</span> <span class='ocrx_word' id='word_1_78' title='bbox 1298 1237 1332 1286; x_wconf 93' lang='lat' dir='ltr'>et</span> 
     </span>
     <span class='ocr_line' id='line_1_11' title="bbox 230 1319 1333 1403; baseline 0.002 -19"><span class='ocrx_word' id='word_1_79' title='bbox 230 1327 383 1385; x_wconf 90' lang='lat' dir='ltr'>inuenitur</span> <span class='ocrx_word' id='word_1_80' title='bbox 405 1319 559 1385; x_wconf 90' lang='lat' dir='ltr'>recentior</span> <span class='ocrx_word' id='word_1_81' title='bbox 581 1328 678 1386; x_wconf 83' lang='lat' dir='ltr'>forma</span> <span class='ocrx_word' id='word_1_82' title='bbox 705 1330 788 1403; x_wconf 89' lang='lat' dir='ltr'>apud</span> <span class='ocrx_word' id='word_1_83' title='bbox 810 1327 896 1388; x_wconf 85' lang='lat' dir='ltr'>Uarr.</span> <span class='ocrx_word' id='word_1_84' title='bbox 919 1330 949 1388; x_wconf 90' lang='lat' dir='ltr'>d.</span> <span class='ocrx_word' id='word_1_85' title='bbox 971 1347 994 1388; x_wconf 94' lang='lat' dir='ltr'>r.</span> <span class='ocrx_word' id='word_1_86' title='bbox 1017 1346 1039 1389; x_wconf 93' lang='lat' dir='ltr'>r.</span> <span class='ocrx_word' id='word_1_87' title='bbox 1063 1329 1105 1386; x_wconf 90' lang='grc' dir='ltr'>ΙΙΙ</span> <span class='ocrx_word' id='word_1_88' title='bbox 1128 1345 1144 1386; x_wconf 92' lang='lat'><strong>2</strong></span> <span class='ocrx_word' id='word_1_89' title='bbox 1171 1329 1333 1386; x_wconf 82' lang='lat' dir='ltr'>Fircellius</span> 
     </span>
     <span class='ocr_line' id='line_1_12' title="bbox 232 1428 1332 1490; baseline 0.003 -5"><span class='ocrx_word' id='word_1_90' title='bbox 232 1428 315 1485; x_wconf 86' lang='lat' dir='ltr'>Pauo</span> <span class='ocrx_word' id='word_1_91' title='bbox 340 1428 494 1487; x_wconf 72' lang='lat' dir='ltr'>Reatinus⁴</span> <span class='ocrx_word' id='word_1_92' title='bbox 530 1428 708 1486; x_wconf 82' lang='lat' dir='ltr'>Turbe&#39;lames</span> <span class='ocrx_word' id='word_1_93' title='bbox 741 1430 879 1488; x_wconf 88' lang='lat' dir='ltr'>nondum</span> <span class='ocrx_word' id='word_1_94' title='bbox 913 1431 1111 1488; x_wconf 85' lang='lat' dir='ltr'>emendatum</span> <span class='ocrx_word' id='word_1_95' title='bbox 1144 1437 1202 1490; x_wconf 88' lang='lat' dir='ltr'>est.</span> <span class='ocrx_word' id='word_1_96' title='bbox 1257 1429 1332 1488; x_wconf 84' lang='lat' dir='ltr'>Sine</span> 
     </span>
     <span class='ocr_line' id='line_1_13' title="bbox 231 1529 1334 1607; baseline 0.002 -21"><span class='ocrx_word' id='word_1_97' title='bbox 231 1531 325 1587; x_wconf 85' lang='lat' dir='ltr'>dubio</span> <span class='ocrx_word' id='word_1_98' title='bbox 348 1529 448 1606; x_wconf 88' lang='lat' dir='ltr'>Scipio</span> <span class='ocrx_word' id='word_1_99' title='bbox 470 1530 527 1588; x_wconf 92' lang='lat' dir='ltr'>hos</span> <span class='ocrx_word' id='word_1_100' title='bbox 550 1547 656 1587; x_wconf 91' lang='lat' dir='ltr'>uersus</span> <span class='ocrx_word' id='word_1_101' title='bbox 681 1531 764 1600; x_wconf 88' lang='lat' dir='ltr'>dicit,</span> <span class='ocrx_word' id='word_1_102' title='bbox 792 1532 877 1607; x_wconf 90' lang='lat' dir='ltr'>quod</span> <span class='ocrx_word' id='word_1_103' title='bbox 899 1549 968 1588; x_wconf 92' lang='lat' dir='ltr'>cum</span> <span class='ocrx_word' id='word_1_104' title='bbox 990 1532 1051 1590; x_wconf 91' lang='lat' dir='ltr'>iam</span> <span class='ocrx_word' id='word_1_105' title='bbox 1074 1531 1160 1589; x_wconf 92' lang='lat' dir='ltr'>multi</span> <span class='ocrx_word' id='word_1_106' title='bbox 1182 1532 1334 1606; x_wconf 89' lang='lat' dir='ltr'>suspicati</span> 
     </span>
     <span class='ocr_line' id='line_1_14' title="bbox 230 1628 1330 1706; baseline 0.003 -18"><span class='ocrx_word' id='word_1_107' title='bbox 230 1633 290 1689; x_wconf 89' lang='lat' dir='ltr'>sint</span> <span class='ocrx_word' id='word_1_108' title='bbox 310 1628 404 1706; x_wconf 88' lang='lat' dir='ltr'>(conl.</span> <span class='ocrx_word' id='word_1_109' title='bbox 420 1632 581 1690; x_wconf 84' lang='lat' dir='ltr'>Francken</span> <span class='ocrx_word' id='word_1_110' title='bbox 595 1633 612 1693; x_wconf 95' lang='lat' dir='ltr'>l.</span> <span class='ocrx_word' id='word_1_111' title='bbox 630 1634 646 1692; x_wconf 92' lang='lat' dir='ltr'>l.</span> <span class='ocrx_word' id='word_1_112' title='bbox 663 1642 695 1690; x_wconf 91' lang='lat' dir='ltr'>et</span> <span class='ocrx_word' id='word_1_113' title='bbox 713 1632 845 1690; x_wconf 87' lang='lat' dir='ltr'>Gerlach</span> <span class='ocrx_word' id='word_1_114' title='bbox 861 1635 879 1692; x_wconf 91' lang='lat'>1.</span> <span class='ocrx_word' id='word_1_115' title='bbox 903 1631 947 1706; x_wconf 85' lang='grc'><strong>1.),</strong></span> <span class='ocrx_word' id='word_1_116' title='bbox 970 1634 1139 1692; x_wconf 91' lang='lat' dir='ltr'>omiserunt</span> <span class='ocrx_word' id='word_1_117' title='bbox 1161 1629 1330 1691; x_wconf 90' lang='lat' dir='ltr'>conciliare</span> 
     </span>
     <span class='ocr_line' id='line_1_15' title="bbox 231 1732 965 1808; baseline 0.003 -18"><span class='ocrx_word' id='word_1_118' title='bbox 231 1750 300 1790; x_wconf 90' lang='lat' dir='ltr'>cum</span> <span class='ocrx_word' id='word_1_119' title='bbox 328 1732 385 1790; x_wconf 87' lang='lat' dir='ltr'>hac</span> <span class='ocrx_word' id='word_1_120' title='bbox 408 1734 553 1808; x_wconf 88' lang='lat' dir='ltr'>opinione</span> <span class='ocrx_word' id='word_1_121' title='bbox 576 1751 626 1793; x_wconf 93' lang='lat' dir='ltr'>uu.</span> <span class='ocrx_word' id='word_1_122' title='bbox 651 1751 713 1808; x_wconf 83' lang='lat'>409</span> <span class='ocrx_word' id='word_1_123' title='bbox 734 1733 759 1792; x_wconf 97' lang='lat' dir='ltr'>L</span> <span class='ocrx_word' id='word_1_124' title='bbox 785 1751 832 1794; x_wconf 90' lang='lat'>21.</span> <span class='ocrx_word' id='word_1_125' title='bbox 858 1750 894 1792; x_wconf 90' lang='lat'>22</span> <span class='ocrx_word' id='word_1_126' title='bbox 919 1734 965 1792; x_wconf 93' lang='lat' dir='ltr'>M:</span> 
     </span>
    </p>

    <p class='ocr_par' dir='ltr' id='par_1_6' title="bbox 313 1833 1219 1910">
     <span class='ocr_line' id='line_1_16' title="bbox 313 1833 1219 1910; baseline -0.001 -18"><span class='ocrx_word' id='word_1_127' title='bbox 313 1834 343 1892; x_wconf 92' lang='lat' dir='ltr'>Si</span> <span class='ocrx_word' id='word_1_128' title='bbox 365 1833 436 1891; x_wconf 90' lang='lat' dir='ltr'>mihi</span> <span class='ocrx_word' id='word_1_129' title='bbox 458 1853 519 1891; x_wconf 89' lang='lat' dir='ltr'>non</span> <span class='ocrx_word' id='word_1_130' title='bbox 542 1844 666 1909; x_wconf 90' lang='lat' dir='ltr'>praetor</span> <span class='ocrx_word' id='word_1_131' title='bbox 693 1836 752 1892; x_wconf 89' lang='lat' dir='ltr'>siet</span> <span class='ocrx_word' id='word_1_132' title='bbox 776 1836 901 1892; x_wconf 89' lang='lat' dir='ltr'>additus</span> <span class='ocrx_word' id='word_1_133' title='bbox 924 1844 1017 1910; x_wconf 91' lang='lat' dir='ltr'>atque</span> <span class='ocrx_word' id='word_1_134' title='bbox 1041 1836 1137 1909; x_wconf 85' lang='lat' dir='ltr'>agitet</span> <span class='ocrx_word' id='word_1_135' title='bbox 1159 1853 1219 1904; x_wconf 88' lang='lat' dir='ltr'>me,</span> 
     </span>
    </p>

    <p class='ocr_par' dir='ltr' id='par_1_7' title="bbox 228 1935 1330 2315">
     <span class='ocr_line' id='line_1_17' title="bbox 312 1935 1156 2008; baseline 0.004 -16"><span class='ocrx_word' id='word_1_136' title='bbox 312 1953 376 1994; x_wconf 92' lang='lat' dir='ltr'>non</span> <span class='ocrx_word' id='word_1_137' title='bbox 396 1935 476 1993; x_wconf 89' lang='lat' dir='ltr'>male</span> <span class='ocrx_word' id='word_1_138' title='bbox 498 1935 549 1992; x_wconf 90' lang='lat' dir='ltr'>sit:</span> <span class='ocrx_word' id='word_1_139' title='bbox 573 1935 631 2008; x_wconf 88' lang='lat' dir='ltr'>ille,</span> <span class='ocrx_word' id='word_1_140' title='bbox 653 1945 687 1992; x_wconf 93' lang='lat' dir='ltr'>ut</span> <span class='ocrx_word' id='word_1_141' title='bbox 710 1936 790 2003; x_wconf 87' lang='lat' dir='ltr'>dico,</span> <span class='ocrx_word' id='word_1_142' title='bbox 813 1953 862 1992; x_wconf 92' lang='lat' dir='ltr'>me</span> <span class='ocrx_word' id='word_1_143' title='bbox 885 1944 1046 1994; x_wconf 83' lang='lat' dir='ltr'>exenterat</span> <span class='ocrx_word' id='word_1_144' title='bbox 1068 1955 1156 1996; x_wconf 80' lang='lat' dir='ltr'>unus,</span> 
     </span>
     <span class='ocr_line' id='line_1_18' title="bbox 229 2035 1330 2112; baseline 0.001 -17"><span class='ocrx_word' id='word_1_145' title='bbox 229 2035 313 2095; x_wconf 81' lang='lat' dir='ltr'>Se&#39;te</span> <span class='ocrx_word' id='word_1_146' title='bbox 336 2038 407 2094; x_wconf 92' lang='lat' dir='ltr'>cod.</span> <span class='ocrx_word' id='word_1_147' title='bbox 431 2036 522 2094; x_wconf 91' lang='lat' dir='ltr'>Paris.</span> <span class='ocrx_word' id='word_1_148' title='bbox 556 2036 674 2110; x_wconf 87' lang='lat' dir='ltr'>scripsit</span> <span class='ocrx_word' id='word_1_149' title='bbox 695 2035 921 2109; x_wconf 88' lang='lat' dir='ltr'>Eyssenhardt:</span> <span class='ocrx_word' id='word_1_150' title='bbox 954 2038 1104 2112; x_wconf 87' lang='lat' dir='ltr'>producta</span> <span class='ocrx_word' id='word_1_151' title='bbox 1136 2037 1251 2097; x_wconf 90' lang='lat' dir='ltr'>uocalis</span> <span class='ocrx_word' id='word_1_152' title='bbox 1279 2047 1330 2096; x_wconf 89' lang='lat' dir='ltr'>est</span> 
     </span>
     <span class='ocr_line' id='line_1_19' title="bbox 228 2137 1325 2214; baseline 0.004 -18"><span class='ocrx_word' id='word_1_153' title='bbox 228 2148 354 2214; x_wconf 90' lang='lat' dir='ltr'>propter</span> <span class='ocrx_word' id='word_1_154' title='bbox 388 2154 558 2205; x_wconf 88' lang='lat' dir='ltr'>caesuram,</span> <span class='ocrx_word' id='word_1_155' title='bbox 592 2137 671 2196; x_wconf 88' lang='lat' dir='ltr'>conf.</span> <span class='ocrx_word' id='word_1_156' title='bbox 706 2137 834 2195; x_wconf 89' lang='lat' dir='ltr'>Mueller</span> <span class='ocrx_word' id='word_1_157' title='bbox 860 2139 891 2195; x_wconf 94' lang='lat' dir='ltr'>d.</span> <span class='ocrx_word' id='word_1_158' title='bbox 920 2156 941 2198; x_wconf 87' lang='lat' dir='ltr'>r.</span> <span class='ocrx_word' id='word_1_159' title='bbox 967 2158 1007 2200; x_wconf 90' lang='lat' dir='ltr'>m.</span> <span class='ocrx_word' id='word_1_160' title='bbox 1034 2157 1064 2214; x_wconf 87' lang='lat' dir='ltr'>p.</span> <span class='ocrx_word' id='word_1_161' title='bbox 1089 2154 1148 2214; x_wconf 84' lang='lat'>327</span> <span class='ocrx_word' id='word_1_162' title='bbox 1172 2139 1264 2198; x_wconf 90' lang='lat' dir='ltr'>Lucil.</span> <span class='ocrx_word' id='word_1_163' title='bbox 1295 2159 1325 2200; x_wconf 93' lang='lat' dir='ltr'>u.</span> 
     </span>
     <span class='ocr_line' id='line_1_20' title="bbox 230 2237 521 2315; baseline -0.007 -18"><span class='ocrx_word' id='word_1_164' title='bbox 230 2239 335 2315; x_wconf 67' lang='lat'>2791„</span> <span class='ocrx_word' id='word_1_165' title='bbox 357 2238 400 2296; x_wconf 88' lang='lat' dir='ltr'>IX</span> <span class='ocrx_word' id='word_1_166' title='bbox 425 2253 464 2313; x_wconf 87' lang='lat'>70</span> <span class='ocrx_word' id='word_1_167' title='bbox 488 2237 521 2295; x_wconf 92' lang='lat' dir='ltr'>M</span> 
     </span>
    </p>

    <p class='ocr_par' dir='ltr' id='par_1_8' title="bbox 399 2337 1141 2408">
     <span class='ocr_line' id='line_1_21' title="bbox 399 2337 1141 2408; baseline 0.001 -10"><span class='ocrx_word' id='word_1_168' title='bbox 399 2337 531 2408; x_wconf 89' lang='lat' dir='ltr'>crisablt,</span> <span class='ocrx_word' id='word_1_169' title='bbox 553 2348 587 2396; x_wconf 94' lang='lat' dir='ltr'>ut</span> <span class='ocrx_word' id='word_1_170' title='bbox 610 2340 634 2397; x_wconf 93' lang='lat' dir='ltr'>si</span> <span class='ocrx_word' id='word_1_171' title='bbox 657 2340 841 2398; x_wconf 84' lang='lat' dir='ltr'>frumentum</span> <span class='ocrx_word' id='word_1_172' title='bbox 864 2339 994 2399; x_wconf 88' lang='lat' dir='ltr'>clunibu&#39;</span> <span class='ocrx_word' id='word_1_173' title='bbox 1016 2350 1141 2401; x_wconf 92' lang='lat' dir='ltr'>uanuat.</span> 
     </span>
    </p>

    <p class='ocr_par' dir='ltr' id='par_1_9' title="bbox 220 2440 1327 3022">
     <span class='ocr_line' id='line_1_22' title="bbox 228 2440 1327 2518; baseline -0.001 -18"><span class='ocrx_word' id='word_1_174' title='bbox 228 2443 343 2518; x_wconf 88' lang='lat' dir='ltr'>Aperte</span> <span class='ocrx_word' id='word_1_175' title='bbox 359 2450 428 2498; x_wconf 89' lang='lat' dir='ltr'>sunt</span> <span class='ocrx_word' id='word_1_176' title='bbox 442 2442 537 2498; x_wconf 92' lang='lat' dir='ltr'>uerha</span> <span class='ocrx_word' id='word_1_177' title='bbox 552 2443 725 2516; x_wconf 89' lang='lat' dir='ltr'>quaestoris</span> <span class='ocrx_word' id='word_1_178' title='bbox 744 2443 823 2499; x_wconf 88' lang='lat' dir='ltr'>illius</span> <span class='ocrx_word' id='word_1_179' title='bbox 838 2442 960 2516; x_wconf 85' lang='lat' dir='ltr'>lucifugi</span> <span class='ocrx_word' id='word_1_180' title='bbox 975 2443 1015 2499; x_wconf 92' lang='lat' dir='ltr'>de</span> <span class='ocrx_word' id='word_1_181' title='bbox 1032 2440 1188 2515; x_wconf 87' lang='lat' dir='ltr'>Scipione:</span> <span class='ocrx_word' id='word_1_182' title='bbox 1211 2451 1327 2517; x_wconf 93' lang='lat' dir='ltr'>quanta</span> 
     </span>
     <span class='ocr_line' id='line_1_23' title="bbox 226 2541 1326 2617; baseline 0.001 -18"><span class='ocrx_word' id='word_1_183' title='bbox 226 2543 308 2600; x_wconf 91' lang='lat' dir='ltr'>enim</span> <span class='ocrx_word' id='word_1_184' title='bbox 330 2542 417 2600; x_wconf 87' lang='lat' dir='ltr'>fuerit</span> <span class='ocrx_word' id='word_1_185' title='bbox 433 2543 584 2599; x_wconf 84' lang='lat' dir='ltr'>exercitus</span> <span class='ocrx_word' id='word_1_186' title='bbox 606 2543 738 2599; x_wconf 89' lang='lat' dir='ltr'>Romani</span> <span class='ocrx_word' id='word_1_187' title='bbox 761 2543 893 2617; x_wconf 86' lang='lat' dir='ltr'>segnitia</span> <span class='ocrx_word' id='word_1_188' title='bbox 914 2551 944 2598; x_wconf 88' lang='lat' dir='ltr'>et</span> <span class='ocrx_word' id='word_1_189' title='bbox 967 2542 1086 2616; x_wconf 87' lang='lat' dir='ltr'>pigritia</span> <span class='ocrx_word' id='word_1_190' title='bbox 1102 2550 1174 2598; x_wconf 91' lang='lat' dir='ltr'>ante</span> <span class='ocrx_word' id='word_1_191' title='bbox 1190 2541 1326 2600; x_wconf 89' lang='lat' dir='ltr'>Numan·</span> 
     </span>
     <span class='ocr_line' id='line_1_24' title="bbox 228 2642 1327 2719; baseline -0.002 -18"><span class='ocrx_word' id='word_1_192' title='bbox 228 2645 301 2703; x_wconf 91' lang='lat' dir='ltr'>tiam</span> <span class='ocrx_word' id='word_1_193' title='bbox 317 2651 348 2701; x_wconf 95' lang='lat' dir='ltr'>et</span> <span class='ocrx_word' id='word_1_194' title='bbox 364 2651 554 2719; x_wconf 87' lang='lat' dir='ltr'>quantopere</span> <span class='ocrx_word' id='word_1_195' title='bbox 566 2644 678 2700; x_wconf 91' lang='lat' dir='ltr'>inertes</span> <span class='ocrx_word' id='word_1_196' title='bbox 695 2643 882 2700; x_wconf 89' lang='lat' dir='ltr'>Aemilianus</span> <span class='ocrx_word' id='word_1_197' title='bbox 896 2642 1089 2716; x_wconf 87' lang='lat' dir='ltr'>castigauerit</span> <span class='ocrx_word' id='word_1_198' title='bbox 1112 2651 1143 2699; x_wconf 90' lang='lat' dir='ltr'>et</span> <span class='ocrx_word' id='word_1_199' title='bbox 1165 2643 1327 2717; x_wconf 88' lang='lat' dir='ltr'>puniuerit,</span> 
     </span>
     <span class='ocr_line' id='line_1_25' title="bbox 227 2742 1327 2819; baseline 0.001 -17"><span class='ocrx_word' id='word_1_200' title='bbox 227 2753 348 2803; x_wconf 90' lang='lat' dir='ltr'>constat</span> <span class='ocrx_word' id='word_1_201' title='bbox 370 2764 408 2803; x_wconf 86' lang='lat' dir='ltr'>ex</span> <span class='ocrx_word' id='word_1_202' title='bbox 424 2744 525 2801; x_wconf 91' lang='lat' dir='ltr'>multis</span> <span class='ocrx_word' id='word_1_203' title='bbox 542 2743 736 2818; x_wconf 90' lang='lat' dir='ltr'>scriptoribus</span> <span class='ocrx_word' id='word_1_204' title='bbox 760 2742 840 2817; x_wconf 92' lang='lat' dir='ltr'>(Liu.</span> <span class='ocrx_word' id='word_1_205' title='bbox 853 2761 916 2817; x_wconf 88' lang='lat' dir='ltr'>per.</span> <span class='ocrx_word' id='word_1_206' title='bbox 931 2757 981 2818; x_wconf 82' lang='lat'>57.</span> <span class='ocrx_word' id='word_1_207' title='bbox 994 2742 1072 2803; x_wconf 92' lang='lat' dir='ltr'>Plut.</span> <span class='ocrx_word' id='word_1_208' title='bbox 1084 2743 1229 2818; x_wconf 90' lang='lat' dir='ltr'>apophth.</span> <span class='ocrx_word' id='word_1_209' title='bbox 1244 2745 1327 2819; x_wconf 91' lang='lat' dir='ltr'>Scip.</span> 
     </span>
     <span class='ocr_line' id='line_1_26' title="bbox 226 2841 1326 2920; baseline -0.001 -17"><span class='ocrx_word' id='word_1_210' title='bbox 226 2847 297 2905; x_wconf 78' lang='lat' dir='ltr'>min,</span> <span class='ocrx_word' id='word_1_211' title='bbox 335 2845 450 2904; x_wconf 75' lang='lat'>16-21</span> <span class='ocrx_word' id='word_1_212' title='bbox 478 2846 599 2920; x_wconf 85' lang='lat' dir='ltr'>Appian</span> <span class='ocrx_word' id='word_1_213' title='bbox 633 2845 710 2905; x_wconf 91' lang='lat' dir='ltr'>lber.</span> <span class='ocrx_word' id='word_1_214' title='bbox 734 2843 782 2917; x_wconf 85' lang='lat'>85.</span> <span class='ocrx_word' id='word_1_215' title='bbox 808 2841 870 2917; x_wconf 82' lang='lat'><strong>86).</strong></span> <span class='ocrx_word' id='word_1_216' title='bbox 923 2844 1098 2920; x_wconf 89' lang='lat' dir='ltr'>Scipionem</span> <span class='ocrx_word' id='word_1_217' title='bbox 1129 2846 1219 2920; x_wconf 89' lang='lat' dir='ltr'>igitur</span> <span class='ocrx_word' id='word_1_218' title='bbox 1252 2846 1326 2902; x_wconf 92' lang='lat' dir='ltr'>dicit</span> 
     </span>
     <span class='ocr_line' id='line_1_27' title="bbox 220 2946 1325 3022; baseline 0.002 -20"><span class='ocrx_word' id='word_1_219' title='bbox 220 2953 387 3021; x_wconf 81' lang='lat' dir='ltr'>praetorem</span> <span class='ocrx_word' id='word_1_220' title='bbox 403 2946 518 3006; x_wconf 89' lang='lat' dir='ltr'>Pauus:</span> <span class='ocrx_word' id='word_1_221' title='bbox 548 2946 603 3004; x_wconf 84' lang='lat' dir='ltr'>fuit</span> <span class='ocrx_word' id='word_1_222' title='bbox 626 2946 674 3003; x_wconf 93' lang='lat' dir='ltr'>ille</span> <span class='ocrx_word' id='word_1_223' title='bbox 697 2947 824 3022; x_wconf 88' lang='lat' dir='ltr'>quidem</span> <span class='ocrx_word' id='word_1_224' title='bbox 847 2947 953 3003; x_wconf 91' lang='lat' dir='ltr'>consul</span> <span class='ocrx_word' id='word_1_225' title='bbox 974 2947 1096 3014; x_wconf 83' lang='lat' dir='ltr'>iterum,</span> <span class='ocrx_word' id='word_1_226' title='bbox 1118 2946 1175 3004; x_wconf 91' lang='lat' dir='ltr'>sed</span> <span class='ocrx_word' id='word_1_227' title='bbox 1197 2963 1325 3020; x_wconf 90' lang='lat' dir='ltr'>praeses</span> 
     </span>
    </p>
   </div>
   <div class='ocr_carea' id='block_1_3' title="bbox 226 3112 414 3119">
    <p class='ocr_par' dir='ltr' id='par_1_10' title="bbox 226 3112 414 3119">
     <span class='ocr_line' id='line_1_28' title="bbox 226 3112 414 3119; baseline 0.005 -2"><span class='ocrx_word' id='word_1_228' title='bbox 226 3112 414 3119; x_wconf 67' lang='lat'>———</span> 
     </span>
    </p>
   </div>
   <div class='ocr_carea' id='block_1_4' title="bbox 223 3199 1323 4226">
    <p class='ocr_par' dir='ltr' id='par_1_11' title="bbox 223 3199 1323 4226">
     <span class='ocr_line' id='line_1_29' title="bbox 327 3199 1322 3268; baseline 0.001 -18"><span class='ocrx_word' id='word_1_229' title='bbox 327 3199 347 3268; x_wconf 86' lang='lat'>¹)</span> <span class='ocrx_word' id='word_1_230' title='bbox 365 3201 411 3250; x_wconf 87' lang='lat' dir='ltr'>Ad</span> <span class='ocrx_word' id='word_1_231' title='bbox 430 3200 497 3250; x_wconf 90' lang='lat' dir='ltr'>hanc</span> <span class='ocrx_word' id='word_1_232' title='bbox 521 3201 615 3250; x_wconf 89' lang='lat' dir='ltr'>seriem</span> <span class='ocrx_word' id='word_1_233' title='bbox 640 3201 825 3264; x_wconf 88' lang='lat' dir='ltr'>cognominum</span> <span class='ocrx_word' id='word_1_234' title='bbox 849 3200 963 3264; x_wconf 89' lang='lat' dir='ltr'>pertinet</span> <span class='ocrx_word' id='word_1_235' title='bbox 986 3201 1042 3250; x_wconf 88' lang='lat' dir='ltr'>siue</span> <span class='ocrx_word' id='word_1_236' title='bbox 1071 3201 1154 3250; x_wconf 91' lang='lat' dir='ltr'>dubio</span> <span class='ocrx_word' id='word_1_237' title='bbox 1174 3216 1322 3264; x_wconf 84' lang='lat' dir='ltr'>cognomen</span> 
     </span>
     <span class='ocr_line' id='line_1_30' title="bbox 225 3290 1321 3356; baseline -0.001 -16"><span class='ocrx_word' id='word_1_238' title='bbox 225 3290 402 3341; x_wconf 87' lang='lat' dir='ltr'>Aebutiorum</span> <span class='ocrx_word' id='word_1_239' title='bbox 420 3291 536 3349; x_wconf 78' lang='lat' dir='ltr'>Parrus,</span> <span class='ocrx_word' id='word_1_240' title='bbox 564 3291 637 3356; x_wconf 93' lang='lat' dir='ltr'>quod</span> <span class='ocrx_word' id='word_1_241' title='bbox 656 3291 803 3340; x_wconf 88' lang='lat' dir='ltr'>Buecheler</span> <span class='ocrx_word' id='word_1_242' title='bbox 826 3306 868 3339; x_wconf 88' lang='lat' dir='ltr'>me</span> <span class='ocrx_word' id='word_1_243' title='bbox 891 3291 1001 3342; x_wconf 87' lang='lat' dir='ltr'>monuit.</span> <span class='ocrx_word' id='word_1_244' title='bbox 1038 3291 1108 3340; x_wconf 87' lang='lat' dir='ltr'>Nam</span> <span class='ocrx_word' id='word_1_245' title='bbox 1127 3290 1196 3355; x_wconf 91' lang='lat' dir='ltr'>apud</span> <span class='ocrx_word' id='word_1_246' title='bbox 1215 3291 1321 3339; x_wconf 91' lang='lat' dir='ltr'>Liuium</span> 
     </span>
     <span class='ocr_line' id='line_1_31' title="bbox 224 3378 1323 3442; baseline 0 -14"><span class='ocrx_word' id='word_1_247' title='bbox 224 3392 267 3442; x_wconf 83' lang='lat'>42,</span> <span class='ocrx_word' id='word_1_248' title='bbox 286 3393 312 3442; x_wconf 83' lang='lat'>4,</span> <span class='ocrx_word' id='word_1_249' title='bbox 331 3378 347 3432; x_wconf 82' lang='lat' dir='ltr'>l</span> <span class='ocrx_word' id='word_1_250' title='bbox 367 3388 436 3430; x_wconf 84' lang='lat' dir='ltr'>recte</span> <span class='ocrx_word' id='word_1_251' title='bbox 456 3379 586 3430; x_wconf 79' lang='lat' dir='ltr'>traditum</span> <span class='ocrx_word' id='word_1_252' title='bbox 600 3387 639 3428; x_wconf 89' lang='lat' dir='ltr'>est</span> <span class='ocrx_word' id='word_1_253' title='bbox 658 3379 685 3427; x_wconf 93' lang='lat' dir='ltr'>in</span> <span class='ocrx_word' id='word_1_254' title='bbox 705 3379 798 3428; x_wconf 88' lang='lat' dir='ltr'>codice</span> <span class='ocrx_word' id='word_1_255' title='bbox 819 3379 927 3441; x_wconf 82' lang='lat' dir='ltr'>egregio</span> <span class='ocrx_word' id='word_1_256' title='bbox 942 3379 1148 3429; x_wconf 89' lang='lat' dir='ltr'>Uindobonensi</span> <span class='ocrx_word' id='word_1_257' title='bbox 1168 3379 1268 3428; x_wconf 89' lang='lat' dir='ltr'>saeculi</span> <span class='ocrx_word' id='word_1_258' title='bbox 1283 3379 1323 3429; x_wconf 90' lang='lat' dir='ltr'>VI</span> 
     </span>
     <span class='ocr_line' id='line_1_32' title="bbox 225 3467 1323 3533; baseline 0 -17"><span class='ocrx_word' id='word_1_259' title='bbox 225 3471 467 3533; x_wconf 80' lang='lat' dir='ltr'>eburiremparrum,</span> <span class='ocrx_word' id='word_1_260' title='bbox 486 3468 558 3533; x_wconf 92' lang='lat' dir='ltr'>quod</span> <span class='ocrx_word' id='word_1_261' title='bbox 578 3467 693 3516; x_wconf 88' lang='lat' dir='ltr'>editores</span> <span class='ocrx_word' id='word_1_262' title='bbox 714 3483 768 3517; x_wconf 89' lang='lat' dir='ltr'>non</span> <span class='ocrx_word' id='word_1_263' title='bbox 786 3467 920 3516; x_wconf 86' lang='lat' dir='ltr'>debebant</span> <span class='ocrx_word' id='word_1_264' title='bbox 939 3467 1072 3530; x_wconf 87' lang='lat' dir='ltr'>corrigere</span> <span class='ocrx_word' id='word_1_265' title='bbox 1089 3467 1211 3531; x_wconf 88' lang='lat' dir='ltr'>Pighium</span> <span class='ocrx_word' id='word_1_266' title='bbox 1238 3469 1323 3516; x_wconf 84' lang='lat' dir='ltr'>secuti</span> 
     </span>
     <span class='ocr_line' id='line_1_33' title="bbox 225 3555 1323 3622; baseline 0 -18"><span class='ocrx_word' id='word_1_267' title='bbox 225 3556 364 3606; x_wconf 85' lang='lat' dir='ltr'>scribendo</span> <span class='ocrx_word' id='word_1_268' title='bbox 384 3558 526 3605; x_wconf 83' lang='lat' dir='ltr'>Aebutium</span> <span class='ocrx_word' id='word_1_269' title='bbox 551 3556 650 3605; x_wconf 81' lang='lat' dir='ltr'>Carum</span> <span class='ocrx_word' id='word_1_270' title='bbox 676 3555 737 3618; x_wconf 88' lang='lat' dir='ltr'>quia</span> <span class='ocrx_word' id='word_1_271' title='bbox 757 3567 799 3620; x_wconf 82' lang='lat'>39,</span> <span class='ocrx_word' id='word_1_272' title='bbox 815 3555 885 3619; x_wconf 81' lang='lat'><strong>55,8</strong></span> <span class='ocrx_word' id='word_1_273' title='bbox 909 3556 946 3604; x_wconf 91' lang='lat' dir='ltr'>rei</span> <span class='ocrx_word' id='word_1_274' title='bbox 970 3555 1075 3605; x_wconf 89' lang='lat' dir='ltr'>criticae</span> <span class='ocrx_word' id='word_1_275' title='bbox 1099 3572 1162 3622; x_wconf 89' lang='lat' dir='ltr'>prae</span> <span class='ocrx_word' id='word_1_276' title='bbox 1182 3555 1323 3605; x_wconf 92' lang='lat' dir='ltr'>Uindobo-</span> 
     </span>
     <span class='ocr_line' id='line_1_34' title="bbox 225 3642 1323 3708; baseline 0.002 -16"><span class='ocrx_word' id='word_1_277' title='bbox 225 3645 313 3694; x_wconf 87' lang='lat' dir='ltr'>nensis</span> <span class='ocrx_word' id='word_1_278' title='bbox 332 3644 384 3694; x_wconf 89' lang='lat' dir='ltr'>fide</span> <span class='ocrx_word' id='word_1_279' title='bbox 404 3659 433 3694; x_wconf 86' lang='lat' dir='ltr'>ac</span> <span class='ocrx_word' id='word_1_280' title='bbox 451 3652 581 3694; x_wconf 84' lang='lat' dir='ltr'>uetustate</span> <span class='ocrx_word' id='word_1_281' title='bbox 605 3642 775 3692; x_wconf 82' lang='lat' dir='ltr'>fundamenta</span> <span class='ocrx_word' id='word_1_282' title='bbox 793 3643 968 3693; x_wconf 89' lang='lat' dir='ltr'>incertissima</span> <span class='ocrx_word' id='word_1_283' title='bbox 985 3644 1051 3708; x_wconf 82' lang='lat' dir='ltr'>(Liu.</span> <span class='ocrx_word' id='word_1_284' title='bbox 1079 3644 1112 3694; x_wconf 90' lang='lat' dir='ltr'>ed</span> <span class='ocrx_word' id='word_1_285' title='bbox 1131 3645 1214 3694; x_wconf 89' lang='lat' dir='ltr'>Hertz</span> <span class='ocrx_word' id='word_1_286' title='bbox 1233 3644 1288 3694; x_wconf 89' lang='lat' dir='ltr'>uol.</span> <span class='ocrx_word' id='word_1_287' title='bbox 1309 3646 1323 3694; x_wconf 95' lang='lat' dir='ltr'>I</span> 
     </span>
     <span class='ocr_line' id='line_1_35' title="bbox 224 3730 1321 3796; baseline 0.002 -17"><span class='ocrx_word' id='word_1_288' title='bbox 224 3746 250 3795; x_wconf 90' lang='lat' dir='ltr'>p.</span> <span class='ocrx_word' id='word_1_289' title='bbox 268 3731 410 3796; x_wconf 71' lang='lat' dir='ltr'>XXXVI)</span> <span class='ocrx_word' id='word_1_290' title='bbox 429 3730 556 3795; x_wconf 86' lang='lat' dir='ltr'>praebent</span> <span class='ocrx_word' id='word_1_291' title='bbox 573 3730 705 3778; x_wconf 80' lang='lat' dir='ltr'>Aebutius</span> <span class='ocrx_word' id='word_1_292' title='bbox 731 3731 827 3780; x_wconf 81' lang='lat' dir='ltr'>Carus.</span> <span class='ocrx_word' id='word_1_293' title='bbox 865 3732 949 3780; x_wconf 89' lang='lat' dir='ltr'>Immo</span> <span class='ocrx_word' id='word_1_294' title='bbox 977 3730 1029 3780; x_wconf 91' lang='lat' dir='ltr'>hoc</span> <span class='ocrx_word' id='word_1_295' title='bbox 1057 3746 1088 3780; x_wconf 88' lang='lat' dir='ltr'>ex</span> <span class='ocrx_word' id='word_1_296' title='bbox 1118 3731 1321 3782; x_wconf 89' lang='lat' dir='ltr'>Vindobonensi</span> 
     </span>
     <span class='ocr_line' id='line_1_36' title="bbox 224 3818 1322 3885; baseline 0.001 -17"><span class='ocrx_word' id='word_1_297' title='bbox 224 3819 408 3882; x_wconf 85' lang='lat' dir='ltr'>corrigendum</span> <span class='ocrx_word' id='word_1_298' title='bbox 436 3825 484 3868; x_wconf 88' lang='lat' dir='ltr'>est.</span> <span class='ocrx_word' id='word_1_299' title='bbox 531 3821 622 3881; x_wconf 78' lang='lat' dir='ltr'>Parus,</span> <span class='ocrx_word' id='word_1_300' title='bbox 652 3818 724 3866; x_wconf 88' lang='lat' dir='ltr'>cuius</span> <span class='ocrx_word' id='word_1_301' title='bbox 753 3819 837 3868; x_wconf 83' lang='lat' dir='ltr'>forma</span> <span class='ocrx_word' id='word_1_302' title='bbox 856 3820 989 3885; x_wconf 88' lang='lat' dir='ltr'>antiquior</span> <span class='ocrx_word' id='word_1_303' title='bbox 1012 3820 1121 3868; x_wconf 87' lang='lat' dir='ltr'>Parrus</span> <span class='ocrx_word' id='word_1_304' title='bbox 1140 3835 1199 3870; x_wconf 88' lang='lat' dir='ltr'>esse</span> <span class='ocrx_word' id='word_1_305' title='bbox 1218 3821 1322 3869; x_wconf 86' lang='lat' dir='ltr'>uidetur</span> 
     </span>
     <span class='ocr_line' id='line_1_37' title="bbox 223 3904 1320 3973; baseline 0.001 -17"><span class='ocrx_word' id='word_1_306' title='bbox 223 3904 305 3973; x_wconf 86' lang='lat' dir='ltr'>(conl.</span> <span class='ocrx_word' id='word_1_307' title='bbox 325 3909 416 3956; x_wconf 84' lang='lat' dir='ltr'>Parra</span> <span class='ocrx_word' id='word_1_308' title='bbox 435 3909 542 3972; x_wconf 78' lang='lat' dir='ltr'>nornen)</span> <span class='ocrx_word' id='word_1_309' title='bbox 562 3923 658 3956; x_wconf 89' lang='lat' dir='ltr'>nomeu</span> <span class='ocrx_word' id='word_1_310' title='bbox 681 3907 801 3957; x_wconf 86' lang='lat' dir='ltr'>aniculae</span> <span class='ocrx_word' id='word_1_311' title='bbox 821 3916 868 3966; x_wconf 87' lang='lat' dir='ltr'>est,</span> <span class='ocrx_word' id='word_1_312' title='bbox 889 3909 922 3957; x_wconf 90' lang='lat' dir='ltr'>de</span> <span class='ocrx_word' id='word_1_313' title='bbox 943 3923 996 3972; x_wconf 93' lang='lat' dir='ltr'>quo</span> <span class='ocrx_word' id='word_1_314' title='bbox 1016 3909 1085 3959; x_wconf 84' lang='lat' dir='ltr'>conl.</span> <span class='ocrx_word' id='word_1_315' title='bbox 1105 3908 1198 3958; x_wconf 85' lang='lat' dir='ltr'>lexica.</span> <span class='ocrx_word' id='word_1_316' title='bbox 1214 3936 1245 3944; x_wconf 96' lang='lat'><em>-</em></span> <span class='ocrx_word' id='word_1_317' title='bbox 1259 3910 1320 3957; x_wconf 92' lang='lat' dir='ltr'>Hoc</span> 
     </span>
     <span class='ocr_line' id='line_1_38' title="bbox 223 3995 1321 4062; baseline 0 -17"><span class='ocrx_word' id='word_1_318' title='bbox 223 3995 289 4046; x_wconf 87' lang='lat' dir='ltr'>scire</span> <span class='ocrx_word' id='word_1_319' title='bbox 313 3996 386 4046; x_wconf 92' lang='lat' dir='ltr'>uolui</span> <span class='ocrx_word' id='word_1_320' title='bbox 410 3996 526 4046; x_wconf 91' lang='lat' dir='ltr'>criticum</span> <span class='ocrx_word' id='word_1_321' title='bbox 556 3995 756 4062; x_wconf 85' lang='lat' dir='ltr'>superciliosum</span> <span class='ocrx_word' id='word_1_322' title='bbox 780 3997 806 4046; x_wconf 87' lang='lat' dir='ltr'>in</span> <span class='ocrx_word' id='word_1_323' title='bbox 825 3997 885 4047; x_wconf 91' lang='lat' dir='ltr'>libri</span> <span class='ocrx_word' id='word_1_324' title='bbox 909 3996 1045 4048; x_wconf 87' lang='lat' dir='ltr'>Deutsche</span> <span class='ocrx_word' id='word_1_325' title='bbox 1072 3997 1321 4059; x_wconf 84' lang='lat' dir='ltr'>Litteraturzeitung</span> 
     </span>
     <span class='ocr_line' id='line_1_39' title="bbox 223 4084 1319 4151; baseline 0.001 -18"><span class='ocrx_word' id='word_1_326' title='bbox 223 4084 350 4135; x_wconf 83' lang='lat' dir='ltr'>fasciculo</span> <span class='ocrx_word' id='word_1_327' title='bbox 374 4085 417 4134; x_wconf 89' lang='lat' dir='ltr'>die</span> <span class='ocrx_word' id='word_1_328' title='bbox 438 4084 553 4134; x_wconf 88' lang='lat' dir='ltr'>Ianuarii</span> <span class='ocrx_word' id='word_1_329' title='bbox 572 4085 644 4134; x_wconf 85' lang='lat' dir='ltr'>XIV</span> <span class='ocrx_word' id='word_1_330' title='bbox 667 4084 744 4134; x_wconf 90' lang='lat' dir='ltr'>huius</span> <span class='ocrx_word' id='word_1_331' title='bbox 768 4085 830 4135; x_wconf 87' lang='lat' dir='ltr'>anni</span> <span class='ocrx_word' id='word_1_332' title='bbox 853 4086 933 4146; x_wconf 87' lang='lat' dir='ltr'>edito,</span> <span class='ocrx_word' id='word_1_333' title='bbox 957 4086 1004 4151; x_wconf 91' lang='lat' dir='ltr'>qui</span> <span class='ocrx_word' id='word_1_334' title='bbox 1024 4085 1144 4134; x_wconf 88' lang='lat' dir='ltr'>codicum</span> <span class='ocrx_word' id='word_1_335' title='bbox 1165 4099 1222 4134; x_wconf 86' lang='lat' dir='ltr'>eam</span> <span class='ocrx_word' id='word_1_336' title='bbox 1242 4100 1319 4150; x_wconf 87' lang='lat' dir='ltr'>quam</span> 
     </span>
     <span class='ocr_line' id='line_1_40' title="bbox 223 4174 691 4226; baseline 0.004 -2"><span class='ocrx_word' id='word_1_337' title='bbox 223 4174 313 4224; x_wconf 90' lang='lat' dir='ltr'>debuit</span> <span class='ocrx_word' id='word_1_338' title='bbox 331 4176 458 4225; x_wconf 88' lang='lat' dir='ltr'>rationem</span> <span class='ocrx_word' id='word_1_339' title='bbox 476 4174 575 4225; x_wconf 89' lang='lat' dir='ltr'>habere</span> <span class='ocrx_word' id='word_1_340' title='bbox 595 4174 691 4226; x_wconf 86' lang='lat' dir='ltr'>omisit.</span> 
     </span>
    </p>
   </div>
   <div class='ocr_carea' id='block_1_5' title="bbox 0 0 1494 4752">
    <p class='ocr_par' dir='ltr' id='par_1_12' title="bbox 0 0 1494 4752">
     <span class='ocr_line' id='line_1_41' title="bbox 0 0 1494 4752; baseline 0 2"><span class='ocrx_word' id='word_1_341' title='bbox 0 0 1494 4752; x_wconf 95' lang='lat' dir='ltr'> </span> 
     </span>
    </p>
   </div>
  </div>
 </body>
</html>
