2980 4752
746 208 783 269 72

299 378 349 438 VI.
372 397 435 436 non
458 379 541 436 dico:
565 379 667 436 uincat
692 378 773 447 licet,
798 387 830 436 et
852 397 948 454 uagus
972 380 1083 447 exulet‚
1106 387 1187 436 erret

377 480 473 540 exlex.

314 581 362 640 Ad
396 580 598 657 fragmentum
620 583 633 639 Ι
656 581 737 640 conf.
765 601 844 658 quae
868 581 930 641 Cic.
960 582 991 639 in
1013 581 1142 640 Uerrem
1168 589 1313 656 repetun-

214 683 320 742 damm
349 701 432 741 reum
461 692 518 742 act.
545 684 559 740 l
584 699 703 756 12-15
737 683 875 741 conuicia
908 678 1024 758 iacit¹):
1056 683 1153 740 uerba
1174 683 1314 740 nondum

215 790 323 840 sanata
346 790 424 844 sunt.
471 783 588 857 [reparo
609 785 648 842 ab
670 783 851 859 impurando
867 786 993 841 ductum
1013 783 1103 859 posui
1122 800 1177 857 pro
1197 783 1314 856 inmune

215 887 298 962 quod
321 894 368 944 est
400 887 430 943 in
457 886 622 951 codicibus,
656 885 732 943 sicut
766 890 866 958 oppeto
899 885 1008 942 comedo
1033 883 1157 941 corrbibo
1191 885 1314 942 accendo

215 989 407 1047 substantiua
428 996 510 1046 recte
534 989 664 1046 formata
686 995 772 1046 sunt:
794 987 873 1048 conf.
897 987 1042 1045 Heinrich
1065 989 1107 1045 ad
1123 987 1207 1046 Pers.
1230 985 1312 1048 112.

213 1089 248 1146 111
271 1089 443 1164 fragmento
467 1090 605 1147 secundo
628 1089 761 1146 animum
790 1090 935 1146 attendas
965 1090 1007 1146 ad
1027 1089 1104 1146 hune
1125 1108 1313 1165 pronomen:

214 1191 327 1248 clamat
355 1190 508 1258 Albucius
540 1189 675 1247 Mucium
695 1188 810 1246 homini
831 1189 933 1263 gulam
966 1190 1157 1265 oppressisse
1192 1190 1315 1247 cuidam

215 1292 245 1348 iu
267 1290 349 1368 uulgi
372 1290 563 1348 sermonibus
589 1290 668 1350 ferri.
713 1291 748 1346 ln
772 1290 945 1367 fragmento
957 1291 1002 1347 III
1024 1309 1126 1347 noneen
1150 1288 1314 1365 lr'temque2)

215 1393 302 1467 posui
333 1411 387 1468 pro
418 1393 558 1450 codicum
581 1392 728 1467 scriptura
751 1409 849 1449 nomen
884 1393 1015 1467 iamque:
1051 1411 1165 1450 nomen
1199 1392 1316 1450 scilicet

213 1494 363 1568 pecuniae
396 1493 519 1551 ablatae
546 1502 654 1569 captae
691 1502 817 1551 coactae
849 1494 1028 1552 conciliatae
1063 1511 1230 1550 auersaea
1259 1512 1314 1550 reo

215 1588 295 1671 (Lex
319 1595 414 1653 Acilia
446 1596 684 1670 repetundarum
704 1595 719 1665 ἓ
743 1610 760 1667 3
795 1595 826 1651 in
850 1594 969 1652 Bruusii
991 1595 1123 1652 sontibus
1145 1595 1199 1654 iur.
1222 1594 1313 1652 Rom.

215 1714 244 1771 p.
268 1696 330 1770 54).
375 1696 423 1752 De
445 1697 504 1755 hac
532 1695 753 1771 significatione
778 1697 864 1753 uocis
888 1714 986 1752 nomen
1018 1696 1097 1754 cons.
1120 1697 1248 1770 interpp.
1272 1697 1315 1752 ad

216 1796 291 1854 Hor.
316 1814 363 1872 ep.
388 1796 416 1853 II
443 1813 466 1874 r,
495 1811 549 1871 105
574 1795 636 1856 Cic.
660 1798 700 1852 de
722 1795 772 1852 off.
796 1794 837 1851 III
862 1811 901 1870 59
933 1797 973 1853 de
1001 1803 1062 1855 nat.
1091 1797 1176 1857 deor.
1198 1796 1240 1853 111
1265 1810 1314 1869 73.

216 1895 278 1958 Cic.
304 1915 359 1972 pro
383 1896 480 1953 Balbo
508 1912 556 1956 11:
585 1891 712 1953 ‘Audiui
733 1894 792 1952 hoc
820 1897 860 1952 de
882 1903 1009 1970 parente
1032 1914 1102 1954 meo
1125 1913 1212 1972 puer:
1246 1915 1316 1953 cum

216 1997 254 2069 Q.
277 1997 419 2057 Metellus
442 1998 477 2056 L.
502 1996 521 2055 f.
556 2015 672 2053 causam
702 1997 735 2054 de
756 1997 890 2070 pecuniis
923 1998 1086 2071 repetundis
1114 1998 1247 2056 diceret.
1274 2043 1280 2056 .
1306 2044 1313 2056 .

216 2117 284 2156 cum
315 2099 407 2174 ipsius
440 2098 564 2157 tabulae
587 2097 845 2155 circumferrentur
874 2099 1054 2173 inspiciendi
1076 2099 1198 2156 nomim's
1220 2117 1316 2156 causa

216 2199 307 2257 fuisse
330 2200 462 2258 iudicem
483 2218 522 2256 ex
544 2199 598 2256 illis
620 2199 768 2273 equitibus
785 2199 944 2268 Romanis,
967 2201 1152 2276 grauissimis
1166 2200 1236 2258 uiris
1259 2218 1314 2256 ne-

216 2301 339 2369 minem,
362 2301 434 2377 quin
448 2309 621 2359 remoueret
635 2301 742 2358 oculos
759 2308 790 2356 et
811 2319 844 2357 se
861 2309 958 2359 totum
981 2310 1143 2370 auerteret,
1164 2319 1204 2358 ne
1226 2301 1314 2370 forte,

216 2401 300 2476 quod
321 2400 369 2458 ille
392 2401 423 2458 in
444 2391 563 2459 tabulas
585 2402 722 2476 publicas
750 2402 925 2472 rettulisset,
955 2403 1110 2460 dubitasse
1145 2403 1315 2478 quisquam,

214 2519 359 2558 uemmne
391 2519 431 2558 an
462 2502 571 2560 falsum
602 2511 694 2571 esset,
729 2497 909 2562 uideretur'.
955 2502 1100 2561 Albucius
1135 2503 1180 2560 his
1213 2503 1315 2560 uerbis

215 2610 310 2660 testes
333 2604 500 2676 interrogat
522 2621 624 2661 coram
647 2605 793 2671 iudicibus
824 2605 908 2679 quod
935 2612 967 2661 et
989 2603 1030 2663 M.
1055 2602 1161 2662 Cicero
1188 2604 1261 2662 fecit
1283 2605 1315 2661 in

216 2721 308 2761 causa
331 2702 472 2772 Uerrina;
496 2704 575 2764 conf.
597 2713 656 2763 act.
681 2704 695 2762 I
719 2719 757 2777 55
783 2706 824 2761 de
847 2723 890 2762 or.
906 2705 935 2762 11
952 2720 1012 2778 244
1037 2704 1161 2777 Quintil.
1177 2705 1206 2761 V
1223 2708 1314 2782 7‚26.

216 2800 263 2858 De
287 2803 413 2860 testibus
447 2804 620 2880 tabulisque
642 2805 848 2881 producendis
883 2805 913 2862 in
947 2806 1187 2881 repetundamm
1221 2824 1317 2864 causa

216 2903 295 2962 conf.
315 2904 415 2978 legem
436 2905 563 2962 Aciliam
585 2906 602 2965 l.
623 2906 640 2966 l.
664 2905 678 2978 ἓ
701 2921 756 2979 34:
787 2906 905 2964 tabulas
928 2909 1096 2983 productas
1119 2925 1189 2965 esse
1212 2908 1242 2964 in
1265 2907 1316 2963 illa

217 3005 283 3079 ipsa
295 3004 413 3062 Albucii
436 3023 530 3063 causa
552 3017 661 3064 notum
683 3017 730 3066 est
746 3009 825 3065 Albii
841 3009 1039 3066 altercatione
1056 3017 1087 3066 et
1103 3007 1207 3066 Granii
1229 3025 1315 3082 prae-

218 3103 302 3160 conis
338 3105 377 3161 de
406 3123 466 3181 qua
490 3104 551 3166 Cic.
571 3109 610 3164 de
633 3127 677 3166 or.
699 3107 727 3165 Il
753 3107 807 3165 281
846 3126 984 3184 opusque
1006 3117 1073 3165 erat
1104 3109 1134 3165 in
1156 3127 1248 3166 causa
1271 3126 1315 3164 re-

216 3205 419 3280 petundarum
449 3206 577 3265 testibus
605 3210 766 3267 dumtaxat
787 3208 843 3266 IIL
865 3209 1022 3284 productis
1057 3227 1094 3265 ex
1129 3210 1198 3284 lege
1218 3209 1316 3267 Acilia

216 3301 247 3382 (ξ
270 3321 318 3380 32.
343 3301 406 3380 34),
429 3323 521 3382 quam
543 3307 637 3366 latam
660 3326 730 3366 esse
754 3328 837 3366 anno
869 3310 1003 3384 ⁶31l123
1028 3310 1077 3367 uel
1100 3307 1238 3385 ⁶32l122
1262 3311 1314 3367 de-

318 3504 339 3569 ¹)
359 3507 490 3556 Albucius
510 3507 788 3558 contumeliosissimae
809 3509 890 3558 fuisse
909 3510 1023 3568 uidetur,
1044 3511 1115 3575 quod
1135 3511 1188 3563 Cic.
1210 3512 1243 3560 de
1263 3519 1313 3563 nat.

217 3596 290 3645 deor.
309 3597 322 3644 1
342 3606 374 3657 93
394 3595 501 3647 indicat.
539 3595 659 3646 Ceterum
679 3596 757 3644 etiarn
775 3596 802 3645 in
825 3597 995 3664 philosophia
1014 3598 1118 3648 Mucius
1138 3607 1164 3649 et
1182 3600 1315 3649 Albucius

217 3683 391 3734 dissidebant:
412 3700 470 3733 uam
483 3684 527 3734 hic
540 3686 673 3751 perfectus
688 3685 834 3750 Epicureus
856 3696 976 3737 euaserat
995 3687 1061 3752 (Cic.
1083 3689 1156 3738 Brut.
1181 3685 1249 3754 131),
1268 3688 1316 3738 ille

218 3780 306 3823 contra
325 3773 443 3822 Panaetii
463 3774 566 3823 auditor
585 3774 679 3823 Stoicis
698 3774 813 3826 fauebat.
840 3775 905 3841 (Cic.
925 3777 959 3825 de
978 3792 1015 3827 or.
1034 3777 1047 3824 1
1068 3789 1100 3841 75
1121 3777 1194 3828 Brut.
1217 3775 1285 3841 101.)

319 3860 337 3922 ²)
355 3861 496 3926 litemque
519 3862 622 3927 scripsi,
649 3862 677 3910 id
704 3868 743 3911 est
763 3877 805 3910 res
826 3863 859 3912 de
879 3879 931 3928 qua
951 3864 1077 3926 litigatur,
1095 3865 1222 3930 pecuniae
1241 3881 1317 3931 repe·

216 3950 322 4015 madae,
354 3966 463 4016 quarum
491 3951 594 4001 uomina
624 3950 728 4013 singula
758 3966 817 4000 sese
845 3952 896 4002 iam
927 3969 958 4002 ex
987 3951 1099 4002 testibus
1130 3953 1316 4017 interrogando

216 4039 379 4104 prolaturum
397 4040 534 4106 profitetur
552 4040 693 4092 Albucius.
730 4041 772 4089 De
798 4040 851 4090 litis
875 4041 1055 4091 aestimatione
1074 4041 1142 4092 conf.
1164 4041 1207 4090 lex
1225 4042 1315 4092 Acilia

216 4122 229 4196 l
253 4139 275 4192 7·
298 4127 339 4192 58·
