2998 4744
759 221 778 278 9

222 410 296 452 casu
327 392 410 451 facta
442 392 500 450 sed
532 389 571 448 ab
593 389 716 448 homine
743 373 921 450 doctis'simo
953 396 1026 465 post
1047 387 1152 446 Lucilii
1185 396 1322 448 aetatem

219 493 345 552 inuenta
377 511 463 560 esse,
495 493 547 568 qui
578 491 666 549 XVII
697 491 813 549 litteras
845 510 864 547 a
886 511 900 548 e
920 491 935 547 i
953 509 969 548 o
987 509 1006 546 u
1020 489 1052 570 s
1068 491 1082 546 l
1101 509 1129 548 m
1150 509 1170 546 n
1192 511 1211 548 r
1229 509 1244 548 r
1265 491 1282 548 b
1298 500 1322 566 p

220 614 235 651 c
254 613 278 668 g
295 594 317 649 d
335 599 348 649 l
366 612 427 651 uno
450 594 558 651 ordine
580 591 858 668 comprehenderit,
879 592 938 649 Η
962 610 980 667 q
1001 610 1027 648 x
1049 591 1179 667 reliquas
1200 611 1239 650 ex
1262 592 1321 651 hoc

220 696 328 754 ordine
351 695 475 754 eiecerit
487 691 521 770 ¹),
546 694 619 752 nihil
641 696 705 752 ueri
727 696 850 754 similius
872 703 930 766 est,
965 715 1057 772 quam
1077 695 1120 756 M.
1143 696 1321 756 Terentium

220 793 393 853 Uarronem
414 795 531 853 illorum
553 795 710 854 nominum
732 813 802 854 esse
824 796 1025 866 inuentorem,
1049 814 1140 872 quem
1161 797 1217 855 has
1239 798 1321 872 ipsas

219 895 307 954 XVII
334 903 452 954 tantum
481 897 597 954 litteras
631 897 806 972 agnouisse,
839 897 856 953 k
888 915 954 972 qx
986 906 1019 955 ut
1041 897 1216 976 superfluas,
1247 898 1321 956 hut

219 1004 326 1055 notam
359 1014 395 1056 ac
429 1015 492 1056 non
514 997 645 1056 litteram
670 997 799 1056 eiecisse
833 999 948 1074 passim
979 998 1122 1056 traditum
1156 1007 1204 1056 est
1225 999 1320 1056 modo

219 1098 328 1156 addito
350 1096 496 1157 Uarronis
517 1099 642 1156 nornine
663 1100 759 1157 modo
782 1100 912 1159 omisso:
937 1099 1058 1174 Sergius
1079 1099 1124 1157 IV
1146 1117 1176 1175 p.
1193 1114 1264 1174 519,
1284 1117 1316 1158 11

218 1201 373 1266 ‘Litterae
401 1208 529 1267 Latinae
564 1225 632 1266 cum
654 1208 760 1266 XXIII
784 1209 855 1277 sint,
889 1207 987 1268 Uarro
1015 1209 1103 1267 XVII
1129 1209 1204 1267 dicit
1235 1228 1319 1284 esse;

219 1318 337 1368 ceteras
370 1311 535 1387 superfluas
567 1318 654 1386 putat
664 1304 680 1370 '.
732 1311 874 1370 Priscian.
897 1311 928 1369 II
956 1331 986 1388 p.
1014 1327 1060 1385 13,
1084 1309 1103 1368 8
1136 1305 1320 1371 ‘Auctoritas

219 1428 342 1486 quoque
363 1419 426 1469 tam
449 1409 593 1468 Uarronis
615 1429 707 1487 quam
729 1411 823 1468 Macri
845 1419 924 1469 teste
946 1410 1116 1470 Censorino
1144 1430 1202 1470 nec
1222 1411 1242 1469 lr
1262 1431 1321 1471 nec

220 1531 240 1588 q
261 1530 319 1569 nec
341 1511 361 1568 h
382 1512 414 1569 irr
435 1531 562 1570 numero
585 1512 710 1570 adhibet
731 1507 915 1571 litterarum'.
960 1512 1100 1572 Cassiod.
1123 1532 1162 1570 ex
1184 1511 1319 1572 Cornuto

221 1611 278 1669 VH
300 1630 329 1687 p.
357 1627 412 1685 153
448 1607 498 1669 ‘In
520 1612 596 1670 libro
621 1614 672 1689 qui
693 1622 742 1671 est
767 1615 807 1671 de
829 1614 1025 1688 grammatica
1046 1612 1155 1681 Uarro,
1189 1631 1257 1670 cum
1279 1615 1319 1671 de

220 1713 321 1772 litteris
344 1715 515 1782 dissereret,
539 1709 608 1791 [ita]
628 1714 737 1772 hiuter
759 1716 871 1772 litteras
887 1733 950 1772 non
961 1732 1032 1774 esse
1044 1715 1214 1791 disputavit,
1236 1717 1319 1791 quod

218 1815 312 1872 multo
334 1815 432 1872 minus
455 1815 571 1884 mirum,
607 1833 698 1890 quam
720 1818 804 1892 quod
826 1834 845 1873 x
867 1834 989 1893 quoque
1011 1817 1140 1873 litteram
1170 1833 1240 1874 esse
1263 1835 1320 1874 ne-

217 1911 292 1990 gat'.
316 1914 432 1974 Charis.
455 1915 469 1972 I
491 1934 520 1991 p.
534 1913 563 1984 8,
584 1932 630 1988 14.
650 1915 686 1973 16
709 1915 834 1976 Diom.l
856 1935 885 1992 p.
898 1931 970 1989 423,
983 1931 1019 1989 31
1045 1911 1198 1990 ‘Quidam
1208 1917 1318 1975 Latino

218 2018 351 2074 sermoni
373 2016 509 2074 sulficere
535 2018 644 2074 decem
665 2025 696 2074 et
716 2026 834 2093 septem
856 2018 967 2076 litteras
983 2018 1185 2088 crediderunt,
1209 2019 1234 2076 si
1256 2019 1318 2094 qui-

218 2120 290 2176 dem
321 2136 360 2176 ex
388 2111 493 2194 uiginti
518 2126 550 2176 et
571 2118 662 2176 tribus
684 2137 745 2176 una
768 2119 979 2194 adspirationis
1010 2127 1084 2178 nota
1105 2127 1161 2189 est,
1196 2119 1225 2188 h,
1257 2137 1319 2177 una

218 2220 340 2296 duplex,
359 2239 387 2288 x,
415 2222 494 2278 duae
517 2236 733 2294 superuacuae,
762 2219 835 2277 ket
856 2238 885 2296 q,
914 2222 994 2278 duae
1017 2220 1166 2290 Graecae,
1188 2240 1206 2296 y
1229 2228 1261 2278 et
1278 2215 1318 2280 2'.

217 2320 330 2380 Donat.
352 2319 396 2377 IV
417 2340 447 2397 p.
471 2318 542 2395 368,
569 2335 614 2378 12.
639 2319 723 2393 Serg.
746 2319 790 2377 IV
810 2339 840 2396 p.
863 2335 935 2396 477,
965 2338 1009 2394 14.
1035 2337 1082 2382 20.
1108 2321 1157 2380 20.
1180 2321 1317 2398 Pompei.

217 2423 246 2479 V
281 2441 311 2499 p.
338 2421 448 2491 111,6
481 2421 557 2480 Mar.
580 2419 723 2478 Uictorin.
761 2420 804 2477 VI
835 2439 866 2497 p.
891 2435 920 2493 5,
953 2437 1001 2495 24.
1026 2438 1075 2498 27.
1107 2422 1251 2483 Uictorin.
1275 2423 1318 2479 VI

216 2540 247 2598 p.
264 2537 331 2596 195,
359 2539 403 2598 19.
431 2521 498 2600 196,
518 2537 543 2582 1.
563 2521 677 2597 Hagen
699 2523 806 2582 anecd.
830 2521 952 2582 Heluet.
974 2540 1003 2598 p.
1028 2537 1099 2595 225,
1122 2521 1151 2581 6.
1195 2522 1317 2595 Quintil.

216 2622 282 2696 14,
305 2640 334 2698 9.
359 2655 396 2665 -
421 2622 522 2682 Causa
543 2641 604 2698 qua
625 2623 699 2680 moti
720 2623 854 2699 quidam,
877 2622 905 2682 h.
928 2643 955 2683 e.
977 2621 1076 2681 Uarro
1104 2623 1231 2699 eiusque
1253 2641 1317 2682 sec-

217 2731 330 2782 tatores
352 2725 369 2781 k
391 2725 408 2782 k
431 2743 449 2799 q
471 2743 497 2781 x
519 2727 702 2785 remouerint
724 2726 836 2802 ubique
857 2727 1013 2796 indicatur,
1042 2729 1125 2803 quod
1146 2726 1165 2782 11
1186 2745 1251 2784 non
1272 2727 1316 2785 lit·

217 2832 282 2883 tera
318 2828 374 2884 sed
409 2827 599 2902 aspirationis
636 2835 709 2884 nota
743 2828 929 2885 existimetur
964 2822 1054 2906 (Mar.
1087 2827 1198 2887 Uictor.
1227 2828 1246 2886 l.
1272 2822 1317 2901 1.),

217 2928 300 3002 quod
325 2927 391 2985 uice
414 2927 432 2983 k
454 2935 486 2984 et
514 2947 532 3002 q
561 2928 724 2985 litterarum
755 2929 851 3003 possit
878 2948 892 2985 c
916 2928 998 3004 fungi
1027 2927 1111 3002 (Ter.
1136 2930 1236 2990 Scaur.
1260 2929 1317 2987 VH

216 3045 245 3102 p.
271 3042 317 3100 14,
345 3043 391 3086 12.
417 3043 465 3102 27,
493 3025 554 3097 18),
585 3030 669 3104 quod
691 3047 717 3084 x
738 3029 851 3104 duplex
885 3029 982 3087 littera
1004 3031 1050 3098 sit,
1082 3049 1143 3108 qua
1164 3031 1226 3088 nilo
1248 3031 1315 3107 plus

216 3128 405 3203 indigeamus
427 3147 519 3205 quam
541 3129 680 3204 plittera
692 3129 878 3188 Graecorum
902 3127 1038 3206 (Quintil.
1052 3132 1070 3190 l.
1087 3127 1137 3210 l.):
1160 3133 1316 3190 nominum

217 3229 418 3306 discrepantia
427 3249 577 3308 nusquam
598 3251 654 3308 pro
666 3241 845 3306 argumento
868 3234 996 3309 ponitur,
1019 3234 1076 3292 nisi
1097 3235 1128 3292 in
1139 3234 1315 3309 fragmentis

216 3329 417 3389 Bobiensibus
440 3331 478 3393 G.
502 3333 535 3392 L.
559 3335 608 3394 ed.
632 3334 703 3390 Keil
725 3334 782 3391 VH
805 3353 833 3410 p.
851 3349 921 3412 539,
949 3334 1034 3408 12²):
1078 3330 1216 3411 ‘Antiqui
1227 3334 1316 3393 XVII

216 3431 327 3490 litteras
351 3434 432 3491 solas
454 3432 618 3494 habebant.
640 3435 661 3492 h
683 3435 703 3492 k
721 3454 742 3511 q
760 3455 837 3512 xyz
859 3438 942 3512 quod
954 3454 1054 3512 neque
1065 3437 1189 3495 uocales
1212 3445 1317 3494 essent

215 3551 317 3608 neque
336 3533 375 3591 ab
398 3553 416 3592 e
438 3534 616 3593 inchoarent
637 3545 669 3593 ut
691 3538 900 3607 semiuocales,
923 3555 1024 3613 neque
1045 3538 1111 3596 ine
1131 3539 1315 3603 desinerent,

216 3641 248 3690 ut
269 3641 381 3703 mutae,
410 3642 503 3691 tenax
528 3637 599 3694 artis
621 3645 756 3696 uetustas
778 3639 891 3714 respuit
912 3640 969 3696 sed
994 3639 1136 3697 illecebra
1161 3639 1314 3697 suauitatis

215 3729 361 3795 admIsit'.
407 3734 496 3806 Quae
517 3737 705 3812 Ineptissima
727 3757 797 3798 esse
820 3740 944 3816 planum
966 3747 1022 3798 est.

216 3883 415 3896 ——u--a

316 3967 335 4032 1)
353 3969 547 4020 Animaduertit
572 3972 713 4037 Pompeius
741 3974 768 4023 V
789 3990 815 4039 p.
837 3975 948 4040 101,18
977 3974 1084 4038 Sergius
1102 3976 1143 4025 IV
1171 3991 1197 4041 p.
1216 3976 1313 4041 478,2

213 4056 322 4106 istarum
340 4057 485 4107 litterarum
504 4074 582 4124 quarn
601 4060 749 4111 nominibus
767 4061 900 4127 patiuntur
920 4063 1106 4113 exclusionem.

314 4143 335 4215 ²)
356 4145 480 4199 Similiter
497 4153 589 4216 peccat
608 4149 735 4202 Priscian.
756 4152 784 4201 11
803 4166 828 4218 p,
852 4163 891 4211 11,
915 4163 954 4214 14.
