2998 4744
688 259 723 318 27

156 435 210 493 tali
224 436 317 492 modo
333 433 551 510 compellabat3
575 441 681 489 notum
696 430 777 487 enim
789 438 837 487 est
850 448 910 506 qua
922 429 1109 487 uerecundia
1123 426 1256 486 Romani

155 538 297 594 homines
319 537 460 592 mulieres
481 535 512 591 in
538 533 660 609 publico
683 532 840 607 prosecuti
874 533 934 588 SInt
961 547 1099 606 quosque
1122 530 1255 588 honores

155 638 202 695 eis
223 637 391 696 tribuerint:
414 631 460 697 ὧν
483 632 534 695 καλ
556 629 657 694 ταῦτά
679 631 784 694 ἐστιν·
813 628 999 695 ἐξίστασθαι
1023 629 1079 706 μὲν
1103 627 1181 691 ὁδοῦ
1203 631 1257 705 βα-

156 732 331 812 διζούσαις,
354 732 489 812 αἰσχρὸν
512 733 547 795 δὲ
570 732 691 810 μηδένα
714 732 813 809 μηδὲν
840 729 939 794 εἰπεῖν
961 728 1129 806 παρούσης
1151 748 1257 803 γυναι-

152 836 214 912 κός
238 837 301 898 κτλ.
324 836 418 910 (Plut.
441 836 563 895 Romul.
589 852 628 893 20
649 834 716 895 Ual.
740 836 822 894 Max.
846 834 874 890 V
898 851 925 903 2,
954 826 997 912 1):
1030 850 1120 909 porro
1140 825 1187 890 ‘in
1209 833 1255 889 ius

154 941 282 999 uocanti
303 947 474 996 matronam
497 955 605 1014 corpus
634 938 697 995 elus
726 937 877 1011 attingere
899 954 963 993 non
985 934 1201 1011 permiserunt:
1223 942 1257 992 ut

155 1043 304 1100 inuiolata
326 1058 432 1098 manus
456 1040 575 1097 alienae
593 1047 677 1097 tactu
699 1038 779 1096 stola
793 1031 1034 1113 relinqueretur’.
1079 1033 1161 1110 (Ual.
1176 1036 1256 1094 Max.

155 1145 185 1202 ll
213 1161 238 1212 1,
264 1142 304 1215 5).
348 1141 507 1199 Postremo
531 1142 555 1197 si
579 1142 646 1217 quis
668 1140 740 1197 illud
761 1147 849 1196 ueste
870 1138 1008 1196 homines
1030 1136 1257 1212 reprehendere

154 1245 314 1303 infantium
341 1243 472 1301 maxime
496 1259 565 1299 esse
593 1241 732 1298 nondum
752 1249 804 1298 aut
826 1241 858 1296 in
881 1240 944 1296 uita
966 1239 1043 1295 uidit
1058 1246 1111 1295 aut
1132 1237 1163 1294 in
1187 1255 1257 1296 uas-

155 1348 290 1405 culorum
313 1345 502 1404 Graecorum
524 1344 656 1419 picturis,
680 1343 786 1400 audiat
808 1340 900 1400 Hom.
924 1341 953 1397 X
975 1355 1034 1414 493

241 1442 415 1521 δευόμενος
438 1442 473 1505 δέ
495 1439 521 1504 τ’
546 1439 649 1504 ἄνεισι
671 1439 749 1517 πάϊς
773 1439 807 1516 ἐς
829 1438 952 1517 πατρὸς
974 1436 1121 1515 ἑταίρους

242 1543 341 1607 ἄλλον
365 1545 421 1621 μὲν
444 1542 577 1621 χλαίνης
599 1540 701 1619 ἐρύων
725 1538 824 1603 ἄλλον
847 1540 882 1602 δὲ
904 1541 1054 1616 χιτῶνος·

159 1659 222 1707 tum
242 1645 275 1708 Π
299 1664 314 1723 7

240 1747 328 1810 τίπτε
351 1744 552 1823 δεδάκρυσαι,
574 1742 784 1821 Πατρόκλεις,
807 1741 882 1819 ἠΰτε
904 1740 1003 1819 κούρη

240 1846 345 1924 νηπίη,
367 1845 387 1923 ἥ
409 1843 436 1908 θ’
461 1844 525 1922 ἅμα
548 1844 639 1923 μητρὶ
661 1841 770 1906 θέουσ’
795 1841 967 1906 ἀνελέσθαι
990 1840 1116 1920 ἀνώγει,

240 1947 350 2011 ελανού
371 1946 533 2025 ἁπτομένη
557 1944 607 2008 καί
630 1946 656 2007 τ’
683 1944 867 2021 ἐσσυμένην
890 1943 1062 2022 κατερύκει.

263 2245 344 2304 Libri
358 2246 462 2304 XXVI
484 2247 654 2322 fragmenta
680 2249 826 2306 nonnulla
847 2248 1051 2324 explicaturus
1072 2264 1259 2323 praemoneo

156 2351 311 2408 disserere
334 2358 457 2426 poetam
480 2350 539 2408 hoc
563 2351 648 2420 libro,
671 2369 762 2428 quem
784 2350 918 2408 omnium
936 2350 1063 2424 primum
1086 2349 1194 2426 emisit,
1217 2350 1257 2406 de

155 2455 225 2508 toto
247 2468 360 2524 genere
383 2453 486 2524 poesis
509 2469 582 2509 suae
612 2452 747 2509 similiter
770 2460 864 2527 atque
886 2452 961 2508 libro
984 2451 1087 2510 XXX:
1111 2467 1171 2525 quo
1193 2467 1257 2507 rec-

154 2552 217 2608 tius
240 2560 343 2608 autem
354 2569 461 2609 omnes
485 2552 572 2609 huius
589 2552 653 2611 libri
668 2553 810 2629 reliquias
826 2552 997 2626 intellegas,
1020 2551 1155 2626 inprimis
1171 2551 1258 2608 adhi-

155 2651 293 2709 bendam
316 2669 384 2710 esse
404 2652 524 2711 Horatii
546 2654 612 2711 libri
634 2654 757 2712 alterius
781 2662 915 2712 saturam
936 2654 1065 2729 primam
1088 2653 1258 2728 apparebit.

258 2754 361 2830 Atque
387 2753 473 2810 initio
496 2755 621 2828 quidem
650 2754 715 2811 libri
742 2755 807 2810 sIne
831 2754 925 2811 dubio
948 2755 988 2810 de
1011 2753 1055 2811 eis
1080 2753 1143 2828 egit
1167 2752 1257 2811 Luci·

155 2853 214 2910 lius
234 2854 375 2931 aquibus
398 2872 453 2911 sua
469 2855 529 2930 legi
553 2863 678 2930 cuperet
700 2873 750 2912 uu.
774 2856 889 2912 scilicet
911 2853 1131 2929 compluribus:
1155 2871 1255 2929 super·

156 2955 244 3012 stites
268 2963 338 3012 sunt
359 2975 408 3014 uu.
434 2955 532 3029 859L
555 2955 658 3012 XXVI
686 2972 710 3016 1.
735 2971 761 3014 2.
784 2955 891 3014 XXIX
913 2971 952 3030 ρο
975 2956 1017 3023 Μ,
1048 2973 1125 3030 quos
1154 2964 1258 3012 tamen

157 3056 236 3114 falso
259 3065 440 3115 contraxere
463 3059 599 3115 editores
615 3057 761 3124 nonnulli.
807 3055 937 3115 Constat
959 3058 1084 3133 quidem
1101 3057 1257 3115 Ciceronis

157 3159 334 3215 testimonio
358 3160 398 3215 de
430 3158 479 3217 fin.
504 3158 518 3214 I
543 3173 557 3233 7
586 3158 801 3217 reformidasse
834 3159 983 3216 Lucilium
1013 3159 1258 3216 doctissimorum

155 3259 313 3316 hominum
338 3261 482 3317 iudicium
503 3261 589 3319 uelut
616 3260 766 3335 Scipionis
791 3262 894 3319 Rutilii
917 3260 1021 3328 Persii,
1055 3270 1088 3318 et
1120 3267 1259 3318 seruatur

157 3362 242 3436 apud
269 3362 403 3417 eundem
431 3362 471 3419 de
494 3380 536 3420 or.
560 3362 588 3419 II
611 3377 648 3436 25
670 3382 701 3421 u.
725 3363 830 3421 Lucilii
854 3363 902 3420 hic

244 3462 379 3521 Persium
400 3480 464 3520 non
486 3481 559 3521 curo
583 3465 694 3540 legere,
718 3464 858 3522 Laelium
881 3462 1054 3523 Decumum
1075 3465 1156 3523 uolo.

157 3563 238 3620 Dein
261 3562 367 3620 laudat
389 3562 451 3622 Cic.
486 3565 527 3621 de
557 3583 621 3640 rep.
650 3566 733 3640 apud
754 3564 829 3626 Plin.
859 3585 889 3622 n.
912 3565 941 3623 h.
964 3567 1060 3640 praef.
1085 3581 1100 3642 7
1127 3566 1184 3624 hos
1207 3583 1257 3625 uu.

156 3665 263 3723 Lucilii
287 3674 446 3740 corruptos
469 3666 533 3723 sine
556 3668 649 3725 dubio
670 3667 713 3724 sic
735 3667 988 3742 distinguendos:

505 3786 564 3825 nec
587 3769 770 3826 doctissimis
792 3765 811 3840 †
833 3769 969 3826 Manium

242 3868 378 3925 Persium
400 3867 419 3942 †
441 3868 518 3926 haec
541 3870 643 3944 legere
666 3871 748 3942 nol0‚
771 3871 890 3928 Iunium
913 3868 1056 3945 Congum
1076 3871 1157 3928 ιιολο.

157 3985 235 4044 quos
258 3969 381 4026 finxisse
403 3968 533 4026 Plinium
555 3971 681 4028 omni-no
704 3972 788 4028 credi
811 3967 873 4027 non
888 3979 1006 4045 potest.¹
1044 3969 1144 4028 Uersu
1160 3970 1257 4028 altero

157 4071 360 4144 deprauatum
383 4080 467 4129 certo
490 4080 538 4130 est
561 4069 708 4144 Manium,
731 4073 816 4148 quod
831 4081 927 4131 metro
948 4081 1113 4146 repugnet:
1137 4072 1258 4129 accedit

157 4173 243 4246 quod
273 4170 377 4228 Persio
410 4189 598 4247 praenomen
632 4181 698 4230 erat
731 4173 822 4241 Gai0,
855 4168 933 4250 (Cic.
967 4173 1049 4233 Brut.
1072 4168 1139 4250 99),
1173 4173 1256 4250 quod
