2998 4744
776 177 811 243 18

239 369 382 432 uidelicet
403 379 554 449 procreat,
578 370 682 448 gignit.
726 372 863 430 Uerbum
890 371 1035 430 omissum
1062 386 1132 431 esse
1159 372 1242 448 apud
1268 386 1342 448 poe-

239 483 303 534 tam
335 476 386 550 qui
418 475 552 532 sermoni
585 474 742 550 propriora
775 475 929 549 scripserit
956 493 1020 532 non
1053 475 1201 532 mirabere
1230 475 1342 532 collato

239 577 343 636 Madv.
365 594 491 651 gramm.
516 576 600 633 Lat.a
622 572 638 651 ξ
660 573 755 650 479¹)
784 593 887 651 neque
915 577 1014 633 minus
1044 576 1198 634 concedes
1220 576 1342 651 egregie

240 679 470 752 ambiguitatem
492 677 576 734 uerbi
591 675 728 750 fictorum
751 693 918 751 congruere
941 695 1009 734 cum
1032 696 1111 735 uoce
1132 678 1274 753 pergula:
1297 677 1342 735 lo·

240 779 339 854 quitur
371 779 452 836 enim
473 776 607 835 Lucilius
638 785 671 834 ut
705 776 797 834 bomo
830 796 902 835 uere
931 777 1067 836 Graecus
1100 779 1149 835 uel
1173 779 1342 844 Romanus,

240 881 347 956 quibus
368 887 558 955 quantopere
574 878 762 953 contemptui
786 878 895 935 fuerint
911 879 1033 953 opifices
1056 897 1164 936 omnes
1181 880 1342 938 artificibus

240 983 369 1057 egregiis
391 1001 455 1039 non
479 980 615 1054 exceptis
640 981 755 1036 docent
777 979 881 1037 Herm.
906 978 959 1040 Gr.
982 980 1104 1054 Antiqu.
1125 980 1168 1036 lll
1191 979 1208 1056 ξ
1229 998 1280 1058 41,
1307 995 1342 1053 15

241 1083 422 1158 Marquardt
455 1081 565 1139 Roem.
601 1079 728 1138 Alterth.
753 1079 780 1135 V
805 1096 820 1136 2
855 1096 884 1154 p.
907 1094 936 1153 9.
981 1079 1121 1137 Similiter
1143 1079 1205 1140 Cic.
1229 1084 1269 1138 de
1292 1082 1342 1141 off.

238 1184 253 1241 I
279 1199 336 1257 150
356 1177 435 1240 ‘nec
458 1182 538 1239 enim
560 1181 722 1256 quiequam
744 1180 907 1254 ingenuum
936 1178 1049 1236 habere
1070 1188 1174 1254 potest
1196 1176 1341 1242 officina’.
1410 1165 1411 1170 ἵ

240 1284 288 1341 De
311 1284 465 1341 sententia
493 1282 585 1339 totius
616 1282 673 1338 loci
697 1281 778 1340 conf.
803 1280 873 1338 Sen.
902 1281 1007 1357 fragm.
1036 1296 1102 1338 120.
1131 1295 1182 1336 121
1211 1279 1340 1355 (Haase)

239 1384 457 1442 eLactantio:
489 1375 671 1440 ‘Simulacra
703 1384 830 1439 deorum
851 1391 1041 1439 uenerantur.
1084 1380 1144 1438 Illis
1173 1381 1341 1456 supplicant

238 1503 322 1561 genu
342 1485 454 1560 posito,
481 1483 531 1540 illa
554 1485 695 1553 adorant,
726 1483 781 1540 illis
803 1501 858 1558 per
889 1491 988 1540 totum
1010 1483 1155 1539 adsident
1184 1483 1266 1538 diem
1292 1490 1342 1539 aut

239 1587 374 1654 adstant,
406 1585 461 1642 illis
484 1586 595 1660 stipem
620 1586 742 1662 iaciunt,
775 1585 913 1642 uictimas
938 1587 1084 1644 caedunt:
1112 1593 1144 1641 et
1173 1603 1241 1641 curn
1267 1583 1343 1641 haec

239 1695 400 1762 tantopere
422 1687 595 1761 suspiciant,
618 1686 730 1755 fabros,
759 1685 809 1761 qui
837 1687 888 1743 illa
913 1687 1015 1743 fecere
1037 1680 1252 1743 contemnuut'
1275 1730 1281 1745 .
1306 1728 1313 1743 .
1336 1732 1343 1746 .

340 2011 432 2069 Libro
454 2010 512 2067 XV
538 2029 585 2071 uu.
608 2027 678 2084 420.
700 2027 758 2084 421
784 2011 809 2068 L
834 2011 881 2070 28.
911 2026 947 2085 ²9
971 2010 1003 2067 M
1027 2009 1070 2068 sic
1090 2010 1218 2067 traditos
1241 2009 1271 2066 in
1293 2026 1344 2065 co·

241 2113 356 2170 dicibus
379 2130 427 2186 ap.
451 2110 530 2170 Non.
552 2130 580 2187 p.
605 2127 680 2184 445:

325 2246 403 2304 quae
425 2229 535 2303 gallam
557 2229 661 2285 bibere
684 2237 716 2286 et
737 2247 826 2304 rugas
849 2231 1023 2288 conducere
1045 2229 1159 2287 uentris

324 2329 401 2386 farre
423 2347 550 2387 aceroso
572 2330 632 2386 olei
653 2331 825 2390 decumano
847 2349 927 2407 pane
951 2348 1081 2388 cumano

327 2431 429 2506 coegit

241 2567 401 2606 correxere
424 2551 561 2607 editores
586 2550 665 2607 hunc
685 2550 715 2606 in
737 2551 863 2607 modum
885 2551 1016 2626 priorem
1038 2548 1109 2605 nihil
1132 2555 1286 2605 mutantes

327 2667 404 2725 farre
426 2686 564 2737 acerum,
588 2668 657 2726 oleo
679 2671 860 2738 decumano,
881 2685 962 2744 pane
986 2668 1088 2742 coegit

239 2786 297 2842 nisi
320 2786 403 2861 quod
425 2785 469 2860 L.,
494 2787 564 2861 quia
586 2788 644 2844 olco
667 2788 802 2863 ineptum
825 2802 894 2844 esse
918 2785 1004 2853 uidit,
1027 2785 1146 2859 scripsit
1166 2784 1264 2840 oleru:
1288 2801 1342 2841 uo-

240 2903 305 2942 cem
329 2905 447 2943 cumano
468 2905 576 2945 omnes
597 2898 631 2946 ut
651 2888 760 2947 librarii
783 2889 897 2945 mendo
918 2894 1024 2949 natam
1046 2885 1210 2943 eiecerunt.
1247 2883 1342 2940 Inter-

240 2996 376 3063 pretatur
403 2986 519 3044 Nonius
542 2989 558 3046 l.
584 2990 602 3050 1.
629 3009 739 3048 uocem
767 3007 910 3065 artronum
936 2988 981 3045 his
1008 2986 1124 3045 uerbis:
1158 2979 1344 3042 ‘Acerosum

239 3107 372 3165 namque
395 3107 508 3165 panem
542 3090 620 3149 farre
643 3093 740 3149 minus
763 3101 892 3167 purgato
918 3083 976 3147 nec
1003 3088 1144 3146 sordibus
1171 3104 1189 3143 a
1212 3086 1344 3144 candido

242 3191 389 3266 separatis
420 3191 583 3249 dicendum
604 3199 727 3249 ueteres
749 3200 932 3268 putauerunt
955 3237 961 3250 .
985 3236 992 3250 .
1017 3235 1024 3249 .
1045 3189 1136 3247 Hunc
1158 3188 1268 3247 Graeci
1290 3182 1345 3248 αὐ-

240 3288 385 3365 τόπυρον
409 3287 580 3364 uocant'2).
625 3292 717 3349 Panis
751 3294 903 3351 eiusmodi
935 3292 1043 3349 dicitur
1068 3291 1210 3348 sordidus
1233 3286 1343 3361 (Plaut.

242 3392 325 3452 Asin.
348 3392 362 3448 I
385 3408 413 3460 2,
441 3391 486 3452 16.
510 3389 655 3468 ῥυπαρός
680 3393 792 3453 Athen.
815 3393 858 3450 VI
880 3411 908 3468 p.
924 3391 1036 3468 mon)
1059 3393 1108 3450 uel
1130 3386 1344 3465 αὐτοπυρίτης

242 3576 438 3584 ———

346 3676 363 3736 ¹)
382 3675 459 3726 Cous.
478 3677 537 3727 Ter.
558 3675 799 3738 Phorm.12,30:
819 3675 934 3725 ‘Noster
950 3676 1012 3726 mali
1033 3676 1070 3726 nil
1089 3676 1229 3741 quicquam
1241 3671 1342 3740 primo'

241 3766 322 3826 Uerg.
342 3765 403 3815 Aen
430 3764 526 3827 11287
552 3763 615 3813 ‘Ille
634 3764 719 3815 nihil’.
757 3765 835 3814 Ouid.
857 3771 916 3816 met.
939 3766 964 3814 V
984 3777 1029 3827 30:
1057 3765 1119 3814 ‘Ille
1143 3762 1208 3812 nihil
1232 3761 1343 3812 contra'.

241 3852 296 3902 Cic.
317 3853 351 3901 ad
370 3854 431 3902 sam.
449 3854 518 3903 XVI
540 3852 585 3902 18:
606 3852 677 3902 ‘Sed
697 3860 725 3902 tu
743 3853 866 3902 nullosne
885 3860 972 3902 tecum
990 3852 1114 3910 libellos;
1134 3868 1166 3901 au
1185 3851 1278 3917 pangis
1298 3849 1344 3898 ali·

242 3941 305 4005 quid
325 3938 536 4006 Sophocleuml'
556 3969 589 3977 -
608 3942 644 3990 Et
662 3941 699 3990 sic
718 3941 821 4006 passim,
840 3942 994 4006 praesertim
1014 3941 1041 3990 iu
1061 3940 1196 3990 Ciceronis
1215 3937 1344 4004 epistulis.

343 4027 365 4096 ²)
385 4029 455 4081 Cels.
475 4029 550 4081 1118
568 4029 601 4078 de
620 4045 689 4094 pane
708 4030 852 4080 disserens:
873 4029 982 4080 ‘deinde
1002 4030 1044 4080 cui
1062 4028 1128 4078 nihil
1142 4029 1275 4092 dempturn
1295 4032 1343 4085 est,

242 4116 313 4181 quod
332 4115 494 4183 αὐτόπυρον
513 4117 606 4167 Graeci
624 4117 740 4169 uocaut’.
