2980 4752
705 197 744 272 63

175 385 220 443 Ac
256 381 405 462 protinus'
434 385 465 442 in
498 384 623 460 publicis
660 384 769 441 tabulis
803 383 844 441 ad
874 382 954 440 hunc
986 383 1112 440 modum
1148 401 1270 442 carmen

176 489 340 546 emendare
371 488 458 546 iussit
466 481 483 546 ’.
538 486 647 562 Itaque
679 503 758 542 unus
797 503 834 541 ex
870 484 936 541 deis
970 493 1130 542 censuerat
1163 485 1269 544 urbem

178 589 310 646 funditus
334 589 546 646 euertendam.
590 587 679 645 Tunc
709 586 823 660 Iupiter
860 581 899 660 (si
920 585 952 641 in
975 602 1003 644 u.
1028 585 1126 642 altero
1152 587 1273 659 petrice!

173 690 365 746 scribendum
387 696 450 748 est:
474 689 506 744 di
518 705 635 755 omnes,
658 687 841 760 sipotzlrsent)
857 685 1003 760 cogitauit
1021 687 1178 761 quomodo
1194 687 1269 745 iram

173 791 358 864 portendere
380 799 488 864 posset
510 798 636 865 propter
657 788 788 845 iudicem
810 787 983 862 improbum
1005 795 1037 844 et
1060 787 1147 845 simul

255 888 358 948 munu’
382 899 486 948 tamen
509 891 593 965 fungi
617 898 648 947 et
669 906 771 946 muros
797 906 920 946 seruare
942 889 1082 963 potisset.

130 1039 132 1046 .
173 993 311 1050 Audiunt
343 992 424 1049 enim
452 993 483 1049 di
505 1000 678 1050 seruatores
701 987 769 1051 θεοὶ
803 989 959 1064 σωτῆρες,
992 990 1107 1066 Iupiter
1138 996 1270 1048 seruator

171 1093 218 1150 uel
242 1099 427 1150 construatur
450 1093 558 1150 dicitur
580 1094 612 1150 in
633 1091 879 1167 inscriptionibus
896 1091 979 1165 apud
991 1090 1155 1148 Gruterum
1167 1090 1270 1148 XVIII

173 1193 362 1253 601ellium
389 1208 465 1266 1225
490 1211 576 1270 sqq:
610 1193 758 1268 templum
790 1192 872 1250 Iouis
905 1190 1021 1249 Soteris
1053 1192 1084 1249 in
1117 1190 1270 1267 Capitolio

173 1303 322 1352 memorat
345 1296 430 1352 Seru.
448 1296 489 1351 ad
502 1296 579 1353 Aen.
593 1294 665 1351 VIII
677 1293 749 1367 652,
772 1311 863 1369 porro
878 1293 954 1350 Iuno
966 1295 1121 1350 seruatrix
1143 1295 1194 1351 uel
1206 1313 1271 1351 con·

175 1398 331 1452 serualrz'x
354 1397 530 1475 appellatur,
553 1396 688 1453 similiter
697 1393 800 1453 Diana
810 1395 950 1453 Minerua
961 1394 1152 1471 Proserpina.
1176 1395 1271 1471 Inpri-

174 1499 229 1555 mis
246 1505 348 1554 autem
364 1515 469 1555 eorum
482 1499 612 1555 deorum
628 1499 679 1573 qui
693 1499 829 1554 tutelares
851 1498 991 1556 dicuntur
1002 1515 1111 1554 munus
1134 1505 1199 1554 erat
1222 1515 1270 1555 ur·

174 1599 244 1656 bem
267 1617 405 1658 seruare:
440 1599 520 1659 conl.
552 1599 689 1659 Macrob.
718 1598 808 1673 1qu.
855 1598 940 1656 Bene
973 1617 1074 1656 muros
1107 1599 1182 1656 dixit
1215 1618 1270 1676 pro

174 1702 261 1760 urbe:
295 1702 369 1757 muri
392 1711 580 1776 quantopere
610 1701 757 1776 religione
791 1700 899 1758 sanciti
931 1700 1041 1757 fuerint
1073 1709 1180 1758 uotum
1213 1712 1270 1763 est.

177 1797 283 1876 (Conf.
304 1802 433 1877 interpp.
457 1804 498 1859 ad
521 1803 588 1862 Liu.
610 1803 624 1859 I
648 1816 675 1876 7,
700 1799 731 1878 2)
741 1798 773 1878 ¹).

275 1903 441 1976 Quomodo
469 1921 542 1961 uero
564 1904 700 1979 Iuppiter
720 1906 887 1979 portendat
909 1905 985 1963 iram
1007 1907 1135 1964 deorum
1158 1907 1271 1964 excita·

175 2014 237 2062 tarn
258 2006 289 2061 in
311 2005 443 2062 iudicem
455 2005 627 2080 improbum
637 2005 782 2063 discimus
798 2024 836 2062 ex
852 2024 902 2065 uu.
927 2023 966 2079 ²4
977 2025 1042 2082 sqq.
1059 2008 1084 2065 L
1101 2025 1137 2083 ιο
1153 2027 1219 2085 sqq.
1235 2009 1269 2067 M

595 2115 628 2163 ut
649 2107 761 2165 multos
783 2125 969 2184 mensesque
992 2109 1121 2186 diesque

258 2216 447 2265 nontamen
469 2214 603 2264 aetatem
626 2215 843 2281 tempestatem
865 2207 944 2266 hanc
966 2211 1109 2268 scelerosi

258 2309 403 2366 mirentur

175 2429 251 2488 quos
272 2427 379 2468 uersus
403 2409 534 2484 corrupit
557 2408 674 2476 Dousa,
708 2427 799 2484 quem
822 2410 902 2467 male
925 2418 1045 2468 secutus
1074 2421 1121 2470 est
1144 2413 1270 2471 Bouter·

176 2507 285 2590 ηελλ).
322 2511 429 2586 Neque
452 2511 531 2568 enIm
554 2529 622 2568 cum
645 2510 753 2568 Dousa
774 2512 947 2587 putauerim
970 2518 1154 2586 tempestatem
1175 2533 1270 2573 uoca-

174 2613 278 2670 bulum
300 2612 469 2686 significare
492 2618 596 2685 tempus
617 2629 717 2687 neque
740 2630 809 2669 cum
832 2609 967 2687 Corpeto
990 2612 1130 2671 homiaem
1152 2615 1272 2673 scelero-

174 2731 237 2769 sum
250 2713 460 2779 intellexerim,
474 2713 531 2768 sed
542 2713 626 2787 quod
637 2713 807 2786 proximum
819 2720 876 2781 est,
888 2714 1052 2787 procellam
1064 2723 1095 2772 et
1105 2714 1230 2773 imbrem
1237 2715 1271 2790 ³).

176 2813 260 2870 Bene
284 2814 398 2870 deinde
426 2811 574 2869 sehabet
598 2814 751 2881 mr'renlur,
777 2832 849 2871 nam
871 2823 1014 2889 portenta
1037 2824 1068 2872 et
1090 2817 1229 2892 prodigia
1253 2837 1271 2876 a

175 2913 225 2969 dis
248 2915 340 2970 missa
362 2913 507 2970 mirantur
528 2912 676 2972 homines.
702 2911 791 2972 Conf.
813 2913 906 2972 Hom.
928 2931 948 2974 ν
974 2931 1029 2989 153

261 3026 326 3091 Τὸν
345 3031 375 3098 ,δ’
395 3023 652 3106 ἀπαμειβόμενος
673 3028 825 3107 προσέφη
848 3030 1087 3107 νεφεληγερέτα
1108 3031 1207 3111 Ζεύς’

260 3124 286 3188 ὧ
307 3127 420 3205 πέπον,
442 3127 487 3205 ὡς
510 3127 567 3206 μὲν
589 3127 654 3212 ἐμῷ
676 3132 765 3212 θυμῷ
788 3131 874 3192 δοκεῖ
896 3127 977 3195 εἶναι
1000 3129 1124 3211 ἄριστα,

264 3227 386 3292 ὁππότε
409 3250 465 3293 κεν
487 3232 526 3307 δὴ
550 3230 671 3309 πάντες
693 3231 911 3309 ἐλαυνομένην
931 3232 1126 3311 προΐδωνται

260 3330 332 3392 λαοὶ
355 3329 418 3394 ἀπὸ
441 3331 583 3410 πτόλιος,
607 3336 709 3397 θεῖναι
732 3333 821 3397 λίθον
843 3333 951 3409 ἐγγύθι
972 3334 1066 3413 γαίης

262 3430 314 3509 νηῒ
335 3436 394 3515 θοῇ
419 3431 537 3512 ἴκελον,
559 3433 623 3498 ἵνα
645 3434 900 3513 θαυμάζωσιν
923 3433 1097 3514 ἅπαντες

263 3530 474 3614 ἄνθρωποι,
498 3535 577 3612 μέγα
600 3536 635 3599 δέ
657 3551 738 3615 σφιν
760 3535 839 3615 ὄρος
863 3535 954 3599 πόλει
977 3535 1207 3616 ἀμφικαλύψαι.

179 3636 245 3697 Liu.
269 3636 298 3693 II
320 3636 357 3694 62
382 3633 553 3696 ‘Prohibuit
576 3640 670 3697 foeda
687 3648 855 3715 tempestas
878 3659 946 3697 cum
962 3642 1112 3714 grandine
1133 3661 1170 3700 ac
1193 3643 1272 3700 toni·

280 3863 298 3925 ¹)
317 3863 404 3913 Aliter
422 3863 455 3912 de
474 3863 524 3913 hoc
542 3879 621 3913 uersu
641 3865 729 3915 statuit
748 3865 837 3928 Bergk
856 3867 927 3931 apud
937 3868 1151 3919 Bouterwekium
1170 3886 1195 3935 p.
1211 3872 1271 3935 348.

278 3951 297 4014 2λ
317 3953 348 4000 L.
361 3951 379 4000 l.
390 3967 415 4016 p.
429 3952 489 4016 358.
509 3951 630 4016 Scripsit:
649 3951 691 4001 ‘ut
701 3952 828 4001 multum.
842 3990 866 4003 ..
884 3960 995 4004 aetatem
1015 3962 1041 4004 et
1060 3992 1065 4004 .
1081 3992 1106 4007 ..
1126 3955 1273 4009 laetentur?

277 4037 299 4101 ³)
315 4040 365 4089 Ad'
389 4040 500 4089 eandem
525 4047 707 4104 tempestatem
731 4056 746 4089 a
769 4041 809 4090 dis
833 4049 928 4091 motam
947 4044 1079 4108 pertinere
1096 4060 1140 4094 uu.
1164 4055 1230 4108 1179
1250 4047 1272 4094 L

177 4128 229 4177 inc.
251 4128 339 4192 158M
356 4145 413 4194 sqq.
432 4129 582 4179 Buecheler
601 4144 642 4178 me
663 4129 758 4180 docuit.
