2998 4744
761 216 800 294 36

326 402 436 480 Neque
461 403 542 460 enim
568 417 659 458 uersu
682 400 713 457 in
739 401 818 458 duas
841 407 944 475 partes
971 401 1112 472 discisso,
1137 401 1239 478 qualia
1263 403 1329 460 ual-

227 507 269 563 de
291 523 358 562 raro
386 505 481 562 habet
502 504 673 578 fragmenta
696 501 824 578 Nonius,
858 502 918 560 ulla
951 502 1049 561 afferri
1075 512 1181 579 potest
1206 505 1329 561 medela

227 607 360 664 numeris
383 605 623 680 repugnantibus
652 612 684 660 et
711 620 781 660 cum
803 601 895 659 Nonii
925 603 1005 660 libris
1028 613 1059 660 et
1085 603 1228 662 lemmate
1259 605 1329 679 ipso

227 715 351 765 uetetur
372 706 463 764 scribi
486 707 572 781 quod
594 705 683 763 facile
705 704 805 779 potuit
828 703 961 762 Lucilius
984 722 1042 762 nec
1067 706 1186 781 inepte:

313 824 432 883 aridum
454 825 597 882 miserum
621 822 715 898 atque
737 821 842 880 infelix
865 819 979 897 lignum
1002 821 1150 880 sabucum
1173 831 1297 890 uocant,

230 973 270 986 -
292 961 363 1000 nam
391 943 509 1000 aridum
532 941 658 1000 formam
683 948 809 1015 usurpat
839 940 914 997 libro
935 939 978 996 IX
996 954 1055 1013 313
1080 941 1105 998 L
1129 941 1147 998 6
1169 941 1202 998 Μ
1228 973 1264 982 -
1288 942 1330 998 de

228 1046 377 1103 industria
401 1043 577 1102 adhibuisse
600 1041 712 1100 formas
741 1041 845 1097 ardum
874 1041 1063 1098 miserrimum
1091 1044 1248 1118 putandus
1271 1053 1330 1103 est.

228 1147 297 1221 Ego
320 1147 445 1220 quidem
479 1145 664 1203 coniecturis
693 1143 860 1218 repudiatis
894 1144 934 1199 de
967 1143 1027 1201 hoc
1057 1161 1147 1201 uersu
1171 1145 1213 1202 sic
1246 1145 1330 1204 malo

229 1255 365 1304 statuere
387 1264 478 1321 quam
502 1247 544 1306 ad
565 1265 658 1303 unum
680 1245 782 1303 omnia
806 1245 929 1319 egregie
953 1245 1035 1301 dicta
1059 1246 1153 1303 uerba
1169 1247 1330 1320 corrigere.

328 1347 548 1422 Interpretatus
564 1355 611 1404 est
629 1346 836 1404 Franckenius
858 1345 940 1401 hunc
963 1345 1062 1402 locum
1085 1347 1116 1402 in
1136 1348 1246 1406 coniecr.
1263 1348 1330 1404 crit.

231 1451 273 1505 ad
293 1448 394 1506 Lucil.
418 1447 488 1509 lz'br.
514 1448 642 1504 decadem
668 1447 712 1504 II
728 1454 754 1503 et
776 1447 841 1504 III
858 1465 887 1522 p.
911 1445 929 1503 6
952 1465 990 1504 ex
1010 1446 1077 1503 Plin
1099 1447 1202 1505 XXIX
1220 1463 1257 1523 57
1276 1495 1282 1507 .
1300 1493 1331 1508 ..

135 1579 137 1586 v
229 1547 396 1628 ‘supplicia
424 1568 527 1608 annua
561 1566 653 1607 canes
688 1549 828 1624 pendunt
865 1548 944 1605 inter
975 1551 1085 1606 aedem
1107 1549 1276 1606 quentatis
1300 1557 1332 1605 et

230 1651 386 1710 Summani
409 1651 470 1708 uiui
493 1652 523 1707 in
539 1651 623 1707 furca
645 1650 780 1706 sabucea
798 1667 883 1706 armo
898 1644 963 1706 fixi’
985 1650 1037 1718 ita,
1060 1658 1094 1706 ut
1105 1659 1333 1726 conquerantur

230 1755 270 1811 de
294 1753 441 1828 supplicio
465 1770 558 1810 canes
581 1759 612 1808 et
635 1768 696 1826 quo
720 1752 844 1808 nomine
868 1758 998 1807 tortores
1026 1750 1164 1808 homines
1187 1769 1244 1808 suo
1267 1767 1332 1806 ser·

229 1873 331 1922 mone,
353 1872 417 1912 non
442 1854 552 1934 canino
575 1853 734 1909 materiam
762 1851 864 1908 furcae
889 1851 1053 1925 appellent,
1082 1857 1331 1911 commemorent.

232 1955 360 2014 Errauit.
398 1954 485 2011 Haec
508 1954 602 2010 uerba
623 1969 688 2009 non
710 1953 817 2008 dIcunt
840 1968 943 2018 canes
967 1952 1024 2007 sed
1045 1951 1201 2012 homines:
1229 1969 1331 2027 neque

231 2058 312 2115 enim
344 2057 416 2112 ideo
449 2056 581 2113 sabucus
616 2055 731 2128 lignum
765 2052 868 2109 infelix
905 2060 962 2119 est,
997 2054 1081 2129 quod
1112 2072 1205 2111 canes
1239 2055 1268 2110 in
1295 2072 1333 2111 ea

231 2157 478 2231 suspenduntur;
510 2157 566 2212 sed
594 2155 666 2230 quia
694 2154 783 2211 arbor
808 2154 856 2209 illa
880 2153 984 2209 infelix
1007 2154 1147 2224 habetur,
1167 2164 1331 2231 propterea

127 2292 128 2296 =
230 2259 261 2314 in
283 2274 321 2314 ea
343 2274 436 2314 canes
460 2256 560 2315 solent
583 2255 730 2331 supplicio
754 2253 843 2312 allici.
868 2254 942 2314 Pliu.
965 2255 1038 2312 XVI
1065 2255 1122 2312 108
1154 2258 1194 2314 de
1217 2258 1331 2314 arbori-

231 2361 302 2417 bus:
325 2355 483 2417 ‘Infelices
497 2367 601 2416 autem
615 2359 825 2414 existimantur
844 2358 1073 2434 damnataeque
1088 2359 1234 2432 religione
1250 2377 1331 2434 quae

232 2479 332 2536 neque
367 2470 508 2520 seruntur
537 2478 673 2535 unquam
703 2477 805 2533 neque
842 2459 973 2515 fructum
1007 2454 1131 2518 ferunt’.
1166 2460 1204 2519 cf.
1227 2459 1333 2517 XXIV

233 2560 282 2622 68.
308 2559 386 2638 73¹).
429 2561 492 2618 Sed
526 2560 604 2618 haec
626 2561 724 2618 minus
757 2561 798 2616 ad
829 2575 908 2616 rem:
943 2560 1178 2634 interpretemur
1209 2569 1332 2636 oportet

232 2661 260 2722 h.
284 2680 311 2723 u.
345 2680 384 2742 ex
408 2661 557 2737 Tarquitii
580 2661 673 2718 Prisci
703 2659 871 2716 ostentatio
905 2660 1058 2718 arborario
1092 2664 1174 2737 apud
1196 2663 1334 2720 Macrob.

233 2765 278 2822 III
302 2779 350 2834 20,
375 2779 407 2838 3:
431 2758 572 2822 ‘arbores
605 2781 685 2839 quae
708 2762 838 2819 inferum
863 2764 991 2820 deorum
1015 2766 1281 2841 auertentiumque
1304 2767 1336 2822 in

233 2865 329 2922 tutela
358 2873 438 2933 sunt,
468 2882 522 2923 eas
551 2864 688 2922 infelices
714 2865 888 2923 nominant:
922 2865 1081 2935 alternum,
1111 2863 1335 2942 sanguinem²)‚

233 2965 352 3036 filicem,
373 2966 464 3022 ficum
487 2975 596 3035 atrum,
624 2985 752 3040 quaeqae
774 2964 873 3023 bacam
896 2967 1016 3042 nigram
1038 2969 1198 3043 nigrasque
1212 2968 1337 3047 fructus

224 3059 353 3144 ferunt'
375 3083 401 3124 e.
423 3083 452 3140 q.
477 3084 499 3125 s.
544 3067 584 3123 Et
608 3075 700 3125 antea
724 3064 784 3140 (2):
811 3060 993 3124 ‘Sciendum
1014 3070 1100 3142 quod
1119 3070 1191 3126 ficus
1206 3071 1275 3128 alba
1299 3089 1335 3126 ex

234 3166 371 3224 felicibus
404 3166 444 3222 sit
465 3167 624 3224 arboribus
659 3177 767 3225 contra
800 3169 890 3243 nigra
924 3185 964 3223 ex
997 3167 1171 3246 infelicibus.
1212 3169 1337 3228 Docent

234 3286 292 3326 nos
316 3275 475 3342 utrumque
497 3264 673 3343 pontifices'
696 3287 766 3344 eq.
782 3287 807 3328 s.
852 3270 946 3344 Atqui
968 3263 1088 3328 ‘sabuci
1104 3273 1209 3330 acinos
1222 3271 1336 3329 habent

236 3363 361 3444 nigras'.
375 3365 464 3440 (Plin.
488 3367 561 3425 XVI
587 3365 669 3442 180).
688 3400 725 3408 -
739 3369 853 3445 Tangit
876 3369 966 3444 igitur
988 3380 1081 3446 poeta
1100 3373 1160 3429 hoc
1181 3391 1210 3432 u.
1224 3375 1337 3431 doctri-

235 3489 306 3528 nam
326 3469 513 3547 pontilicum.
538 3468 576 3526 U.
592 3467 695 3543 6271.
718 3469 802 3542 38Μ
826 3471 896 3527 huic
912 3472 1065 3529 sImillimo
1087 3473 1337 3550 philosophorum

236 3572 368 3629 maxime
389 3570 559 3628 Stoicorum
582 3571 751 3627 sententias
775 3572 888 3632 irridit:

321 3673 462 3731 insanum
485 3680 609 3742 uocant,
633 3690 724 3748 quem
745 3673 871 3730 maltam
894 3692 931 3731 ac
955 3674 1097 3734 feminam
1121 3677 1180 3733 dici
1203 3678 1320 3736 uident.

257 3863 439 3876 *u*-

340 3970 362 4041 ¹)
380 3975 462 4038 Uerg.
483 3989 573 4038 georg.
593 3975 621 4024 11
639 3988 692 4040 314
720 3979 789 4030 Aen.
812 3977 853 4026 VI
882 3987 941 4040 230.
960 3977 1029 4029 Plin.
1055 3977 1127 4029 XIII
1148 3981 1204 4032 116.
1233 3981 1337 4032 Pallad.

237 4063 303 4126 Apr.
322 4061 351 4110 II
372 4073 394 4113 1.

339 4145 359 4216 2)
378 4149 414 4198 H.
437 4165 459 4201 e.
479 4149 633 4209 alaternum,
653 4153 822 4214 sanguineam
840 4154 908 4206 Plin.
927 4155 998 4204 XVI
1020 4156 1069 4206 108
1091 4157 1192 4206 XXIV
1211 4168 1253 4222 73.
