2980 4752
712 255 750 315 93

190 425 369 505 (Uell.119)
390 437 421 487 et
445 429 556 487 diuites
578 446 660 504 equo
679 445 795 485 merere
818 426 968 486 solebant.
1013 428 1116 502 Atque
1140 427 1289 486 Lucilium

191 532 327 608 equitem
360 531 453 588 fuisse
486 549 525 588 ex
558 529 690 605 reliquiis
714 547 903 604 cognoscere
927 529 1012 587 licet:
1046 547 1118 587 nam
1141 530 1181 586 de
1201 528 1288 604 equis

190 641 222 692 et
242 651 337 709 saepe
359 641 462 691 narrat
494 641 526 690 et
552 640 585 690 ut
607 631 699 689 homo
723 632 767 689 rei
792 632 944 708 equestris
965 631 1184 707 peritissimus:
1207 629 1291 689 uelut

189 736 268 793 libro
289 735 377 794 XIV:
939 806 943 816 ,

274 838 339 913 ipse
362 835 428 893 ecu'
452 853 515 894 non
539 832 696 904 formosu’,
713 835 888 914 gradarius,
912 835 1037 910 optimu’
1060 843 1167 892 uector

274 932 345 1012 *qui
367 954 493 1012 campos
517 936 674 1011 collesque
697 939 796 1010 gradu
819 937 985 1012 perlabitur
1006 953 1068 994 uno

277 1040 351 1097 libro
376 1038 451 1096 VIII

277 1141 302 1197 si
324 1157 415 1198 omne
437 1140 495 1198 iter
516 1141 622 1198 euadit
642 1141 839 1215 stadiumque
860 1140 975 1198 accliue
998 1139 1118 1197 tolutim

275 1243 349 1300 libro
372 1241 430 1299 XV

274 1343 353 1401 hunc
376 1344 447 1400 milli
469 1361 593 1418 passum
617 1345 666 1418 qui
689 1344 797 1402 uicerit
819 1351 911 1417 atque
935 1344 1066 1413 duobus,

275 1444 451 1520 Campanus
475 1446 597 1520 sonipes
620 1462 781 1503 succussor
802 1437 894 1502 nullu’
921 1453 1064 1519 sequetur

273 1548 390 1605 maiore
412 1548 442 1603 in
466 1547 566 1621 spatio
589 1564 626 1604 ac
649 1547 782 1604 diuersu'
806 1546 962 1603 uidebitur
983 1547 1036 1604 ire.

274 1647 332 1706 inc.
361 1663 439 1722 1139
462 1647 487 1705 L
514 1663 552 1722 79
574 1647 607 1705 M

273 1751 353 1807 uelle
376 1750 495 1807 tolutim
518 1749 566 1806 hic
588 1766 711 1824 semper
732 1751 791 1808 iter
813 1747 972 1824 coepturu’
994 1749 1117 1806 uidetur
1129 1747 1162 1826 ¹).

191 1851 281 1922 Quae
304 1852 342 1909 ab
366 1851 489 1909 homine
512 1868 660 1927 equorum
682 1852 866 1926 peritissimo
889 1859 921 1908 et
942 1850 1152 1908 amantissimo
1175 1851 1287 1927 scripta

191 1961 271 2009 sunt.
315 1952 423 2029 Itaque
439 1953 572 2011 Lucilius
592 1972 655 2011 non
675 1953 741 2010 fuit·
754 1953 827 2011 ciuis
850 1954 1008 2010 Romanus
1030 1953 1087 2010 sed
1108 1953 1287 2029 peregrinus

191 2070 293 2128 neque
327 2054 423 2112 uoluit
456 2055 561 2112 haberi
583 2055 742 2112 Romanus
775 2071 845 2112 cum
877 2060 984 2128 aperte
1012 2053 1191 2128 profiteatur
1211 2053 1287 2110 libro

191 2153 296 2211 XXVI
332 2149 534 2214 ‘Publicanus
573 2174 645 2214 uero
678 2164 713 2213 ut
746 2155 839 2213 Asiae
874 2155 944 2212 fiam
982 2156 1193 2230 scripturarius
1230 2171 1285 2230 pro

190 2256 319 2325 Lucilio,
351 2258 384 2315 id
415 2275 474 2331 ego
508 2258 580 2314 nolo
614 2267 645 2314 et
678 2275 739 2315 uno
766 2257 825 2315 hoc
852 2275 915 2314 non
937 2264 1021 2314 muto
1045 2251 1176 2314 omnia’.
1220 2255 1286 2314 lam

191 2367 318 2433 apparet
342 2358 449 2417 Lucilii
481 2367 615 2415 saturam
648 2376 708 2434 qua
739 2358 886 2432 primores
921 2357 1044 2433 arripuit
1076 2357 1287 2433 populumque

190 2459 325 2516 tributim
347 2461 404 2517 nisi
426 2460 545 2517 Romae
571 2477 635 2516 non
662 2459 800 2534 potuisse
834 2466 887 2516 aut
919 2457 1010 2516 scribi
1041 2464 1094 2514 aut
1126 2458 1286 2532 diuulgari.

189 2560 284 2635 Atqui
306 2561 439 2619 uidimus
470 2562 550 2618 inter
572 2578 684 2618 annum
708 2556 847 2635 628lrzo
871 2568 903 2616 et
925 2556 1063 2633 635!er
1085 2559 1103 2620 i.
1128 2577 1154 2619 e.
1177 2560 1287 2617 librum

190 2660 205 2716 Ι
227 2669 258 2717 et
274 2661 302 2718 ΙΙ
317 2663 467 2720 Lucilium
486 2662 560 2720 nihil
584 2671 754 2721 saturarum
778 2660 952 2736 scripsisse:
981 2678 1053 2718 nam
1075 2661 1154 2719 intra
1176 2678 1286 2736 corpus

190 2763 297 2820 ordine
320 2765 447 2839 primum
471 2764 563 2822 libros
588 2764 724 2838 singulos
748 2764 918 2820 secundum
941 2771 1114 2837 temporum
1136 2763 1286 2820 rationem

190 2881 258 2920 esse
292 2866 459 2940 dispositos
493 2867 541 2922 uel
576 2867 690 2923 idcirco
721 2866 912 2922 credendum
939 2872 996 2932 est,
1028 2865 1113 2939 quod
1136 2864 1286 2922 Lucilium

189 2965 288 3039 ipsum
312 2966 385 3024 illud
416 2984 525 3043 corpus
556 2967 746 3042 disposuisse
776 2975 807 3023 et
830 2966 966 3024 edidisse
989 2973 1077 3040 patet
1099 2984 1117 3022 e
1140 2964 1286 3023 Uarronis

190 3067 306 3124 uerbis:
337 3063 372 3125 ‘a
400 3087 461 3144 qua
487 3069 630 3144 bipartita
656 3068 809 3125 diuisione
831 3067 965 3124 Lucilius
994 3084 1118 3124 suorum
1144 3068 1233 3125 unius
1256 3076 1288 3125 et

190 3167 297 3242 uiginti
315 3171 455 3227 librorum
471 3172 587 3227 initium
611 3169 684 3227 fecit
697 3163 786 3227 hoc':
810 3187 889 3245 quae
901 3167 999 3226 Uarro
1022 3186 1085 3226 non
1106 3169 1286 3244 scripsisset,

190 3269 215 3326 si
237 3272 468 3343 grammaticum
483 3271 558 3328 XXI
580 3272 672 3328 libros
688 3271 795 3329 Lucilii
810 3270 952 3327 diuisisse
968 3279 999 3326 et
1015 3269 1152 3327 edidisse
1168 3269 1284 3330 scisset.

191 3369 252 3428 Cur
275 3370 406 3430 Lucilius
442 3373 515 3430 nihil
549 3382 613 3430 tum
646 3373 809 3447 scripserit,
844 3389 882 3429 ea
910 3379 1082 3440 causaest,
1106 3371 1286 3445 quodinde

190 3473 229 3530 ab
253 3492 333 3531 anno
357 3473 493 3546 628(126
516 3492 579 3532 non
603 3484 668 3531 erat
689 3475 818 3532 Romae.
846 3473 925 3531 Nam
949 3490 1030 3530 anno
1054 3473 1122 3547 ipso
1146 3470 1284 3546 erasmo

189 3575 230 3634 M.
255 3575 356 3632 lunius
380 3575 501 3634 Pennus
525 3586 561 3633 tr.
584 3577 623 3651 pl.
649 3577 748 3651 legem
779 3575 847 3632 tulit
870 3593 932 3650 qua
953 3575 1130 3650 peregrinos
1153 3591 1190 3630 ex
1211 3575 1286 3632 urbe

190 3679 414 3738 exterminaret.
459 3674 535 3754 (Cic.
554 3679 593 3734 de
612 3678 662 3736 off.
679 3678 776 3751 11147
801 3677 884 3736 Brut.
911 3693 977 3751 109.
1003 3675 1177 3733 Mommsen
1193 3676 1229 3736 R.
1247 3676 1285 3738 G.

191 3777 220 3835 Il
245 3797 275 3852 p.
304 3772 385 3855 102).
441 3778 475 3838 C.
508 3779 667 3838 Gracchus
701 3779 813 3836 absens
848 3778 904 3836 suit
938 3777 990 3834 illo
1026 3795 1108 3834 anno
1141 3785 1286 3852 quaestor

190 3880 303 3937 Aurelii
330 3879 463 3936 consulis
497 3882 528 3938 in
551 3881 691 3938 Sardinia
718 3897 830 3954 magna
862 3897 930 3936 cum
957 3878 1117 3952 uoluptate
1140 3878 1287 3935 aduersa·

190 3981 303 4036 riorum
322 3976 413 4052 (Plut.
435 3978 468 4040 C.
486 3979 614 4039 Gracch.
643 3982 681 4053 1),
704 3981 754 4056 qui
777 3981 885 4036 dolose
908 3997 980 4038 eum
1002 3979 1094 4035 etiam
1117 3979 1148 4034 in
1172 3996 1284 4036 annum

292 4169 314 4238 ¹)
334 4171 414 4221 Adde
427 4188 451 4222 u.
467 4181 500 4234 72
519 4170 541 4218 L
558 4168 601 4217 111
621 4179 654 4232 33
667 4169 709 4217 M:
739 4167 927 4216 succussatoris
947 4164 1024 4216 taetri
1041 4163 1160 4228 tardique
1180 4162 1285 4214 caballi.
