2980 4752
764 219 801 286 82

235 413 312 494 Scip.
336 415 406 475 min.
434 433 479 490 13.
509 432 553 488 ¹4·
579 414 681 490 Polyb.
706 433 752 488 ap.
775 414 886 472 Athen.
910 412 953 469 Vl
977 430 1005 488 p.
1033 427 1090 487 273
1114 413 1150 471 A.
1167 411 1234 490 Val.
1249 410 1335 471 Max.

235 517 279 575 IV
302 533 331 590 3,
358 532 392 589 13
416 515 518 574 Aurel.
536 514 641 572 Victor
655 509 717 588 58).
741 512 859 570 Uectus
882 521 929 569 est
954 512 1083 586 primurn
1104 512 1334 568 Alexandream

234 622 277 676 ad
309 635 413 692 regem
438 617 647 674 Ptolemaeum
679 614 870 690 Physconem
904 613 954 688 Sp.
976 613 1124 671 Mummio
1158 621 1189 669 et
1213 612 1247 670 L.
1266 612 1334 668 Me-

235 720 306 777 tello
330 718 489 775 comitibus
524 715 640 790 (lustin.
661 714 823 772 XXXVIII
849 713 877 784 8,
908 714 926 771 8
962 714 1110 772 Posiden.
1144 731 1193 788 ap.
1218 712 1334 770 Athen.

234 820 291 878 XII
313 839 342 895 p.
366 836 425 893 549
457 817 509 890 D).
555 817 674 874 Diodor
691 817 830 874 'XXXIII
855 811 913 872 28¹³
945 833 1035 890 porro
1062 825 1176 876 narrat:
1206 810 1244 874 Ol
1275 811 1333 888 μὲν

233 916 291 982 οὖν
312 916 505 996 πρεσβευταὶ
526 913 807 992 κατασκεψάμενοι
838 913 878 976 τὰ
904 913 985 976 κατὰ
1014 913 1073 989 τὴν
1096 911 1258 989 Αἴγυπτον
1281 912 1334 975 ἐπὶ

234 1018 360 1098 Κύπρου
372 1017 517 1081 κάκεῖθεν
539 1015 589 1092 ἐπὶ
605 1015 723 1093 Συρίας
739 1014 797 1090 τὴν
813 1012 985 1090 ἀναγωγὴν
1000 1013 1206 1091 ἐποιήσαντο.
1232 1013 1332 1076 Καθό-

232 1124 290 1185 λου
306 1120 405 1183 δὲκαὶ
427 1117 614 1181 τὰπλεῖστα
638 1116 715 1194 μέρη
738 1120 797 1194 τῆς
820 1114 1010 1194 οἰκουμένης
1033 1115 1173 1192 ἐπῆλθον
1196 1118 1261 1179 κτλ.

336 1225 444 1299 Itaque
473 1232 567 1298 poeta
591 1221 765 1296 Scipionem
788 1222 907 1277 induxit
929 1220 987 1278 hoc
1011 1221 1085 1277 libro
1109 1222 1197 1295 quasi
1219 1222 1333 1295 degru-

234 1337 370 1386 mantem
398 1326 494 1384 uiam:
528 1323 622 1381 uerba
656 1324 698 1380 ad
721 1341 816 1396 regem
844 1322 990 1396 equidem
1015 1339 1078 1379 non
1102 1321 1267 1378 rettulerim
1289 1323 1332 1377 ad

233 1429 336 1504 Syriae
366 1426 502 1501 regulum
517 1421 550 1500 ¹),
584 1425 640 1480 sed
670 1425 711 1481 ad
733 1422 943 1480 Ptolemaeum
963 1424 1053 1490 illum,
1086 1424 1127 1480 de
1152 1440 1213 1496 quo
1235 1423 1331 1479 multa
1366 1432 1369 1438 ’

233 1528 411 1587 Plutarchus
433 1528 566 1584 Iustinus
590 1524 774 1584 Posidonius
798 1525 824 1585 ll.
849 1525 876 1585 ll.
900 1525 952 1600 qui
975 1526 1016 1582 de
1039 1525 1182 1599 Scipione
1195 1524 1330 1581 Alexan·

233 1631 327 1688 dreae
350 1637 540 1686 commoratu
560 1636 693 1684 narrant.
739 1627 837 1684 Recte
860 1626 916 1684 hos
939 1627 1003 1682 duo
1025 1643 1131 1683 uersus
1160 1627 1200 1683 ad
1222 1626 1330 1682 librum

231 1729 306 1787 XIV
328 1729 445 1788 rettulit
467 1728 595 1785 Mueller
616 1725 680 1803 (uu.
703 1727 773 1787 821.
802 1726 878 1784 1168
902 1728 927 1785 L
951 1744 978 1801 3.
1002 1744 1022 1799 4
1044 1721 1105 1804 M):

317 1829 515 1905 Carpathium
536 1845 620 1886 mare
643 1836 834 1885 transuectus
858 1828 976 1886 cenabi’
999 1827 1103 1886 Rhodi
1146 1859 1176 1868 -

316 1929 514 2006 Carpathium
536 1928 667 1985 Rhodus
690 1929 721 1985 in
744 1929 872 2003 pelagus
894 1945 927 1986 se
950 1928 1075 1987 inclinat
1099 1938 1239 2004 apertum

232 2031 331 2090 Uersu
346 2032 445 2114 priore
461 2031 604 2105 Scipioni,
628 2029 678 2104 qui
694 2031 770 2086 dixit
792 2047 860 2087 sese
881 2031 1077 2088 Alexandrea
1093 2030 1239 2089 Rhodum
1254 2033 1327 2089 dein

231 2135 262 2189 111
291 2132 397 2190 Asiam
434 2132 569 2204 legatum
601 2131 806 2206 profecturum
847 2149 916 2190 esse
951 2133 1142 2191 demonstrat
1174 2135 1256 2191 uiam
1288 2133 1328 2189 ab

231 2234 427 2291 Alexandrea
442 2249 540 2306 usque
556 2233 598 2289 ad
610 2232 754 2290 Rhodum
774 2234 879 2290 nescio
904 2233 968 2309 quis
991 2234 1189 2292 interlocutor
1210 2235 1328 2292 illarum

231 2336 390 2409 regionum
413 2330 566 2408 gnarus²).
591 2332 670 2391 Nam
690 2333 890 2409 Philargyrius
915 2336 956 2391 ad
970 2333 1062 2409 Uerg.
1085 2353 1188 2410 georg.
1205 2334 1249 2390 IV
1265 2334 1325 2411 387

231 2435 307 2494 haec
331 2437 474 2493 adnotat:
509 2429 700 2510 ‘Carpathi0,
724 2437 889 2510 Aegyptio:
924 2434 1095 2511 Carpathos
1127 2438 1207 2493 enim
1230 2437 1327 2493 insula

231 2537 431 2596 Rhodiorum.
455 2535 514 2593 Alii
530 2538 583 2594 sic.
601 2535 798 2612 Carpathium
813 2557 893 2593 mare
908 2539 984 2594 ahter
998 2536 1133 2593 Rhodum
1148 2543 1175 2593 et
1189 2538 1327 2593 Alexan·

231 2639 338 2700 driam.
365 2638 451 2712 quod
473 2637 582 2694 abesse
616 2634 815 2712 (appellatum
839 2655 908 2694 esse
931 2637 965 2706 L,
1000 2654 1112 2694 nomen
1141 2637 1255 2696 habere
1278 2633 1326 2717 M)

230 2738 339 2795 dicitur
372 2755 390 2794 a
425 2736 580 2812 Carpatho
612 2737 719 2797 insula.
776 2735 830 2794 Ut·
852 2738 999 2795 Lucilius:
1036 2736 1326 2813 Carpathium...

230 2832 355 2896 Rhodi’.
413 2838 521 2912 ltaque
556 2837 742 2896 Aemilianus
778 2841 860 2914 apud
893 2840 1042 2897 Lucilium
1080 2848 1218 2898 narratur
1252 2859 1327 2898 sane

229 2939 364 2996 uoluisse
393 2940 588 2997 Alexandrea
610 2940 756 2998 Rhodum
784 2943 949 3016 proficisci:
981 2943 1066 3018 quod
1096 2943 1228 3002 fortasse
1249 2942 1325 3001 Dio·

217 3041 324 3098 -dorns
341 3040 358 3097 l.
374 3041 392 3098 l.
409 3040 520 3096 referre
543 3041 653 3109 omisit,
678 3061 748 3099 nam
762 3045 826 3099 ueri
849 3043 944 3101 simile
968 3052 1015 3099 est
1034 3043 1209 3119 Scipionem
1232 3044 1325 3102 fnisse

229 3139 341 3201 Rhodi.
386 3138 541 3198 Uidelicet
567 3143 701 3218 inprimis
723 3143 783 3201 hoc
806 3154 946 3202 senatum
973 3146 1068 3202 mouit
1094 3154 1128 3202 ut
1152 3144 1325 3220 ScipIonem

229 3240 364 3314 legatum
386 3241 417 3297 in
439 3241 505 3300 illas
526 3245 666 3317 regiones
681 3246 826 3313 mitteret,
850 3246 936 3320 quod
952 3246 1118 3320 piratarum
1140 3248 1324 3306 incredibiIIs

228 3343 358 3400 audacia
389 3360 448 3418 qua
475 3344 657 3418 nauigantes
683 3355 746 3403 turn
777 3348 969 3405 uexabantur
995 3350 1128 3407 maxime
1155 3327 1326 3425 augebatur

229 3443 448 3518 Aegyptiorum
464 3441 640 3519 Cypriorum
654 3445 795 3521 Syrorum
811 3449 1001 3508 Rhodiorum
1018 3453 1160 3510 socordia
1174 3462 1206 3510 et
1220 3455 1324 3528 malig-

228 3545 335 3603 nitate.
388 3543 476 3604 Conf.
505 3546 603 3607 Strab.
624 3567 654 3623 p.
679 3548 739 3605 668
762 3545 839 3626 Τοῖς
862 3549 898 3612 δὲ
921 3549 1033 3615 Κίλιξιν
1058 3548 1160 3628 ἀρχὴν
1193 3555 1252 3616 τοῦ
1284 3554 1324 3616 τὰ

330 3792 351 3860 ¹)
371 3794 449 3857 Quod
471 3795 628 3861 interposito
648 3797 742 3848 Rhodi
760 3799 864 3851 insulae
883 3803 987 3854 nornine
1007 3804 1139 3856 refutatur.
1156 3833 1187 3844 --
1201 3808 1323 3858 Cetemm

227 3884 296 3949 apud
310 3883 381 3934 Plut.
400 3899 507 3950 quoque
518 3885 643 3950 apophth.
663 3888 731 3953 Scip.
745 3890 806 3941 min.
828 3903 858 3954 13
872 3893 1020 3944 Ptolemaei
1040 3909 1135 3944 nomen
1155 3909 1208 3944 non
1226 3912 1324 3946 memo·

226 3977 310 4021 ratur:
329 3971 403 4022 audit
422 3979 521 4023 tantum
539 3974 555 4026 ό
576 3975 712 4040 βασιλεὺς.

333 4057 356 4125 ²)
375 4060 497 4112 Fortasse
508 4063 650 4114 Panaetius
667 4065 733 4130 ipse,
752 4067 897 4118 Aemiliani
914 4085 1009 4130 comes,
1030 4071 1071 4121 cui
1092 4070 1241 4122 notissimae
1260 4089 1324 4124 sane

227 4155 302 4196 erant
320 4148 384 4198 illae
404 4150 533 4214 regiones,
552 4153 671 4219 inprimis
690 4154 806 4206 Rhodus
827 4157 920 4219 insula,
939 4159 1011 4209 cuius
1030 4174 1124 4210 nomen
1143 4169 1182 4210 ter
1202 4164 1323 4213 occurrit.
