2980 4752
745 223 785 295 46

567 406 604 466 ΙΙ,
626 425 655 466 u.
679 422 740 481 925
761 407 787 464 L
810 407 829 464 8
852 406 885 464 Μ

303 515 434 582 quantas
457 523 580 581 quoque
603 508 697 563 modo
718 524 878 565 aerumnas
902 515 1097 583 quantosque
1121 509 1240 566 labores

303 608 472 666 exanclatis
667 613 668 619 ’
733 672 735 676 ,

566 709 618 769 ΙΙΙ.
643 727 670 767 u.
694 709 756 783 956
778 711 802 768 L
827 710 866 783 36
888 710 921 767 M

303 857 323 866 -
336 849 353 867 a
375 811 417 866 uti
439 810 592 884 pecudem
612 819 653 878 te,
677 811 858 886 asinumque
883 819 915 867 ut
938 811 1072 886 denique
1095 813 1180 869 nasci

302 910 488 983 praestiterit

565 1010 616 1070 lV.
641 1029 668 1071 u.
691 1028 751 1085 902
776 1012 801 1069 L
820 1012 923 1070 XXIX
947 1011 984 1086 87
1008 1012 1041 1070 M

303 1121 335 1168 et
356 1113 469 1170 circum
492 1113 623 1171 uolitant
642 1111 661 1184 †
683 1114 834 1172 ficedulae
858 1114 938 1170 turdi

302 1212 524 1284 †curatiscoci
559 1212 615 1286 (sic
651 1215 676 1270 L
703 1232 713 1270 1
745 1222 776 1270 et
807 1216 901 1272 ceteri
939 1213 1031 1272 co'dd.
1067 1217 1244 1274 curatissoci
1276 1210 1319 1293 G)

219 1315 318 1374 Recte
338 1316 363 1373 si
385 1324 529 1391 quattuor
558 1316 635 1373 haec
661 1315 832 1391 fragmenta
860 1317 970 1374 erimus
999 1317 1189 1391 interpretati
1212 1319 1317 1374 denuo

219 1417 379 1491 apparebit
410 1425 526 1494 quanto
561 1417 664 1474 studio
688 1417 820 1474 Lucilius
854 1419 984 1491 priscam
1017 1427 1048 1474 et
1069 1436 1196 1476 -nouam
1219 1419 1318 1476 Grae·

220 1536 325 1574 corum
348 1519 540 1576 comoediam
558 1527 764 1592 perscrutatus
788 1520 827 1576 sit
850 1520 898 1576 cui
914 1527 1032 1578 saturas
1054 1537 1124 1578 suas
1138 1521 1316 1596 adplicaret.

219 1619 289 1694 Egit
316 1620 440 1695 quidem
462 1628 557 1695 poeta
579 1621 609 1676 in
637 1638 674 1678 ea
701 1629 787 1696 parte
819 1621 884 1677 libri
908 1621 997 1678 XXX
1031 1624 1113 1679 cuius
1153 1632 1224 1681 sunt
1256 1623 1317 1680 ista

219 1719 379 1794 fragmina,
402 1723 443 1777 de
465 1723 594 1780 miseriis
620 1730 651 1778 et
672 1723 758 1778 malis
786 1723 905 1796 generis
935 1723 1059 1780 humani
1080 1741 1126 1792 ac,
1156 1725 1213 1781 nisi
1237 1724 1315 1781 falso

217 1824 400 1898 interpretor
433 1824 487 1898 frg.
509 1824 524 1880 I
546 1825 621 1880 sicut
643 1823 718 1880 Hor.
744 1832 800 1883 sat.
825 1824 838 1879 l
865 1840 891 1891 1,
920 1838 954 1895 15
979 1842 1045 1899 sqq.
1075 1826 1199 1882 mimum
1229 1826 1315 1898 fingit

218 1925 362 1984 Lucilius,
407 1923 518 1982 Narrat
540 1925 712 1999 fragmento
734 1924 778 1980 IV
790 1919 812 2002 ¹)
841 1925 946 1982 nescio
977 1926 1045 2000 quis
1068 1927 1108 1982 de
1136 1927 1200 1982 uita
1223 1927 1316 1982 beata

218 2044 311 2101 quam
338 2027 422 2100 apud
443 2026 557 2082 inferos
580 2027 696 2100 degant
724 2026 873 2096 homines
903 2044 995 2101 quam
1018 2027 1150 2084 Lucilius
1176 2028 1315 2102 depinxit

218 2126 432 2184 Pherecratem
453 2126 597 2201 antiquae
613 2126 803 2184 Graecorum
827 2129 1009 2186 comoediae
1032 2137 1157 2203 poetam
1179 2137 1313 2188 secutus·

218 2227 246 2284 ls
270 2227 350 2298 euim
372 2228 403 2284 in
426 2228 589 2286 comoedia
611 2245 692 2304 quae
714 2224 885 2303 Μεταλλῆς
907 2230 1077 2286 inscribitur
1106 2227 1213 2305 (Mein.
1234 2248 1314 2291 com.

219 2327 271 2385 Gr.
296 2344 322 2403 2,
348 2324 422 2403 299)
445 2330 486 2386 de
509 2337 699 2387 mortuorum
725 2331 758 2386 in
778 2328 860 2388 Orco
884 2331 947 2387 uita
970 2332 1062 2388 beata
1084 2331 1180 2388 multa
1203 2331 1314 2388 festiue

218 2429 303 2486 finxit
315 2428 488 2506 Orcumque
511 2431 584 2488 fecit
607 2440 717 2488 terram
740 2439 774 2487 ut
790 2431 925 2490 Petronii
946 2433 1048 2489 uerbis
1071 2442 1139 2490 utar
1162 2433 1213 2489 ubi
1229 2433 1314 2507 porci

217 2531 297 2587 cocti
316 2532 480 2590 ambulant.
524 2532 570 2589 Ita
584 2533 658 2590 illud
681 2533 885 2606 fragmentum
901 2551 970 2590 esse
986 2533 1229 2608 intellegendum
1259 2552 1314 2608 ap·

217 2639 319 2705 paret:
344 2650 442 2707 neque
466 2632 547 2688 enim
568 2651 698 2708 usquam
731 2634 812 2689 turdi
846 2635 943 2691 curati
977 2635 1221 2692 circumuolitant
1255 2636 1313 2692 nisi

216 2731 248 2788 in
270 2733 387 2792 fabulis.
431 2734 589 2791 Emendes
612 2751 741 2792 necesse
764 2743 830 2791 est:

300 2843 331 2890 et
353 2835 595 2892 circumuolitant
618 2835 767 2893 ficedulae
791 2857 867 2893 aa..
881 2876 896 2893 a
922 2837 1002 2894 turdi

303 2937 400 2992 curati
422 2953 457 2994 os

215 3035 374 3093 Lacunam
396 3045 466 3112 post
489 3035 635 3110 ficedulae
666 3047 751 3094 recte
781 3057 851 3096 mea
883 3041 1038 3097 sententia
1070 3040 1176 3098 statuit
1202 3039 1312 3098 Munro

216 3137 316 3196 Ioum.
340 3136 376 3192 of
395 3135 500 3196 Philol.
524 3137 581 3194 Vll
604 3157 633 3212 p.
657 3152 734 3212 3123
768 3157 848 3214 quae
871 3140 997 3197 inseruit
1020 3142 1115 3198 uerba
1138 3143 1313 3215 claudique

216 3236 286 3292 nihil
310 3237 351 3293 ad
379 3255 453 3294 rem.
497 3237 562 3295 Iam
594 3255 655 3313 quo
690 3240 800 3296 clarius
830 3257 891 3314 quo
920 3242 984 3296 iure
1011 3241 1054 3297 ita
1083 3243 1312 3298 emendauerim

216 3345 372 3412 appareat,
397 3337 587 3396 Pherecratis
606 3357 759 3408 uersuum,
783 3340 834 3414 qui
856 3341 940 3414 apud
963 3339 1075 3401 Athen.
1098 3341 1141 3398 VI
1163 3361 1193 3416 p.
1212 3340 1310 3398 268E

315 3541 334 3604 ¹)
353 3544 383 3591 L.
403 3543 484 3594 curati
502 3547 568 3594 scite
592 3545 637 3594 uel
655 3547 728 3594 sucr's
749 3551 775 3594 et
788 3546 912 3610 ficedula
939 3546 1086 3612 proposuit,
1109 3548 1147 3596 M.
1173 3547 1311 3596 trochaeos

215 3629 288 3693 lingit
306 3632 422 3682 scribens
435 3634 547 3698 ficellae
566 3669 572 3682 .
593 3670 599 3682 .
620 3637 739 3683 ,curati
765 3637 834 3682 cocis
867 3634 1070 3700 conuiuiumque
1094 3635 1207 3684 describi
1226 3642 1310 3700 putat:

214 3719 248 3768 de
267 3720 349 3768 turdis
370 3735 401 3770 ex
423 3736 486 3785 apro
500 3721 668 3771 euolantibus
688 3722 733 3787 qui
752 3731 812 3771 sunt
831 3723 900 3788 apud
921 3723 1028 3773 Petron.
1039 3737 1074 3786 40
1088 3724 1165 3773 uideo
1179 3725 1310 3774 Duentze·

214 3822 271 3856 rum
290 3808 421 3872 cogitasse
440 3809 466 3857 in
491 3809 628 3858 tralatione
646 3810 741 3859 Lucilii
765 3809 834 3859 libro
860 3809 923 3862 ‘Die
942 3811 1088 3860 romischen
1107 3811 1247 3860 Satirilrer'
1274 3813 1311 3861 in-

216 3897 314 3962 scripto
334 3914 358 3962 p.
379 3897 421 3959 38,
442 3897 487 3963 qui
505 3898 567 3947 item
580 3899 720 3948 trochaeos
735 3898 854 3947 restituit.
870 3926 902 3935 —
916 3897 1036 3948 Ceterum
1058 3915 1115 3948 cum
1128 3901 1239 3949 Munroo
1258 3916 1311 3948 non

216 3986 337 4048 lacerem,
358 3986 379 4034 si
395 3984 537 4036 ficedulam
554 3987 711 4036 uocabulum
730 3995 880 4052 usurpatum
899 3987 1017 4037 inuenire
1035 4003 1148 4054 possem.
1168 3991 1200 4037 In
1218 3988 1311 4038 litteris

215 4074 322 4139 reliquis
340 4077 382 4124 sci
398 4075 461 4140 quid
478 4074 566 4135 lateat,
586 4091 640 4125 non
661 4077 736 4142 potui
756 4076 893 4139 indagare:
913 4084 1024 4141 possunt
1044 4077 1126 4126 multa
1145 4078 1216 4136 addi,
1237 4078 1311 4127 uelut

216 4165 260 4222 r'bt',
278 4165 330 4222 his,
349 4163 407 4212 alia.
