2980 4752
748 230 786 307 78

218 424 329 474 stratus
363 418 439 474 libro
472 415 722 492 heduphagetIca
754 417 900 492 inscripto
935 418 1077 478 instituit.
1131 416 1242 474 Uersui
1276 417 1318 476 illi

218 518 365 575 slmiIIIma
389 519 613 594 compositione
647 526 718 575 sunt
740 519 796 576 inc.
819 537 870 578 uu.
897 534 986 594 1090.
1015 534 1089 592 1091
1111 519 1136 577 L
1158 516 1258 594 96.97
1283 519 1317 576 M

300 619 453 694 pistricem
476 619 619 688 ualidam,
647 620 671 676 si
692 621 805 676 nummi
829 621 1083 694 suppeditabunt,

302 721 395 776 addas
417 722 604 798 empleuron,
632 720 823 796 mamphulas
846 738 926 795 quae
949 722 1026 778 sciat
1048 724 1155 782 omnis,

218 817 337 890 Quibus
368 822 506 878 uersibus
530 823 659 880 docetur
689 840 841 896 quaenam
875 839 953 896 opus
976 823 1035 879 sint
1058 824 1099 879 ad
1122 841 1186 880 rem
1208 824 1317 881 dome-

217 921 325 978 sticam
351 922 432 978 bene
466 923 700 979 instituendam:
735 924 936 980 reminiscitur
959 931 1062 981 autem
1085 924 1220 982 Lucilius
1254 926 1314 981 ista

216 1022 290 1079 dum
313 1022 415 1078 scribit
438 1023 469 1078 ni
492 1022 579 1079 fallor
602 1033 654 1081 aut
670 1024 761 1081 Ennii
780 1034 833 1080 aut
847 1025 1034 1082 Archestrati
1051 1025 1145 1098 ipsius
1168 1043 1314 1082 uersuum

216 1124 324 1181 horum
361 1126 556 1199 quantumuis
595 1127 625 1182 in
659 1126 784 1201 singulis
822 1126 1014 1183 diuersorum
1049 1144 1098 1200 ap.
1137 1126 1248 1186 Athen.
1271 1126 1314 1183 III

216 1243 245 1300 p.
273 1241 328 1281 112
354 1222 378 1282 C
756 1217 758 1220 ’

298 1322 383 1385 ἔστω
399 1322 438 1400 δή
461 1338 515 1387 σοι
538 1321 619 1402 ἀνὴρ
642 1323 749 1391 Φοῖνιξ
772 1324 791 1401 ἢ
815 1324 917 1389 Λυδὸς
940 1325 976 1389 ἐν
998 1323 1077 1409 οἴκῳ

300 1423 392 1503 ὅστις
415 1425 600 1503 ἐπιστήμων
622 1425 714 1489 ἔσται
736 1426 850 1506 σίτοιο,
873 1423 940 1490 κατ’
962 1425 1046 1504 ἦμαρ

299 1527 456 1604 παντοίας
479 1525 569 1605 ἰδέας
592 1526 715 1606 τεύχων
737 1527 782 1605 ὡς
806 1528 846 1592 ἂν
868 1529 910 1590 σὺ
933 1527 1073 1610 κελεύῃς.

215 1633 358 1690 Animum
392 1634 537 1690 aduertas
571 1634 651 1690 enim
684 1633 890 1707 mamphulam
921 1635 1009 1709 panis
1039 1630 1176 1705 Syriaci¹
1212 1651 1313 1709 genus

215 1734 275 1791 dici
298 1753 316 1790 a
337 1731 461 1802 Uerrio;
485 1732 565 1808 Syris
581 1734 741 1792 lecticariis
759 1752 794 1791 ac
811 1732 1060 1808 Cappadocibus
1085 1751 1162 1809 quos
1178 1733 1314 1809 optimos

215 1836 346 1910 pistores
367 1834 547 1893 Athenaeus
570 1834 588 1890 l.
611 1834 629 1890 l.
665 1836 808 1910 appellat,
841 1835 1006 1892 utebantur
1039 1835 1156 1910 antiqui
1187 1843 1314 1909 propter

215 1937 307 1993 robur
328 1935 472 1992 eximium
495 1933 596 2006 (Mart.
620 1934 664 1991 IX
687 1951 736 2004 22,
755 1953 774 2008 9
797 1934 840 1990 VI
857 1949 939 2010 77‚4
961 1934 1026 1994 qu.
1045 1932 1088 1990 VI
1111 1949 1167 2009 351
1190 1933 1314 1996 Petron.

214 2032 279 2111 63).
324 2035 511 2094 Archestrati
532 2035 664 2092 Enniani
698 2036 763 2092 sine
798 2036 890 2092 dubio
925 2053 1019 2110 opera
1053 2035 1246 2105 factumest,
1279 2045 1314 2093 ut

158 2200 162 2211 .
214 2137 341 2211 piscium
372 2144 418 2192 tot
440 2136 564 2192 nomina
587 2153 716 2211 quorum
750 2131 793 2192 ‘in
818 2135 949 2194 Graecia
973 2131 1074 2212 orIgo'
1108 2135 1206 2210 (Uarr.
1230 2137 1270 2193 de
1295 2137 1313 2198 l.

216 2236 249 2297 L.
273 2235 330 2292 VII
353 2232 406 2311 47)
440 2238 523 2312 apud
544 2236 692 2294 Lucilium
723 2238 932 2298 inueniantur:
966 2255 1059 2295 unum
1090 2247 1186 2296 restat
1209 2255 1313 2294 emen-

215 2339 350 2395 dandum
374 2355 421 2412 ap.
445 2337 531 2398 Varr.
552 2339 570 2399 l.
594 2339 611 2400 l.
635 2339 691 2401 inc.
714 2359 743 2399 u.
768 2338 828 2414 836
850 2339 876 2397 L
898 2355 937 2414 53
959 2340 992 2404 M
1013 2340 1064 2397 ubi
1085 2340 1210 2397 codices

513 2457 632 2497 sumere
655 2449 687 2497 et
709 2449 801 2514 atque
824 2441 927 2498 amian

214 2539 300 2598 Sume
322 2541 505 2598 uocabulum
527 2543 652 2617 egregie
674 2542 807 2616 positum
841 2551 925 2598 esset
958 2537 1187 2616 (Archestratus
1218 2559 1313 2616 saepe

214 2639 355 2719 λάμβανε
389 2639 467 2719 λαβέ
501 2660 549 2717 ap.
587 2642 700 2702 Athen.
723 2641 796 2699 VIII
830 2659 858 2716 p.
884 2657 954 2715 311.
977 2641 1080 2716 328ss
1116 2651 1148 2699 et
1180 2643 1312 2717 passim:

215 2736 548 2819 Enn.heduph.4V.),
572 2745 629 2800 sed
652 2761 690 2800 ex
713 2749 772 2799 rete
794 2759 909 2800 nomen
931 2743 1020 2817 piscis
1044 2744 1153 2800 elicere
1173 2745 1313 2800 nondum

214 2845 355 2919 contigit:
379 2845 483 2920 itaque
505 2850 564 2902 rete
587 2853 710 2902 seruato
734 2845 833 2902 scribo

295 2991 316 3000 -
329 2986 346 3004 ν
370 2963 456 3002 suem
479 2954 545 3004 rete
568 2955 661 3022 atque
684 2946 786 3005 amian

212 3047 326 3104 scilicet
348 3048 430 3122 capit
453 3047 503 3104 uel
524 3049 657 3123 capiunt.
703 3048 759 3106 Sus
787 3066 902 3107 nomen
930 3048 1021 3122 piscis
1044 3057 1093 3105 est
1115 3048 1199 3104 cuius
1223 3047 1310 3121 origo

211 3157 316 3224 aperte
349 3166 416 3218 uox!
432 3148 554 3206 Graeca
581 3143 633 3224 ὖςε
666 3151 706 3206 de
734 3167 795 3224 quo
827 3151 909 3225 pisce
937 3149 1048 3209 Athen.
1073 3148 1130 3205 VII
1160 3166 1225 3224 cap.
1254 3164 1306 3222 131

211 3249 261 3306 ubi
276 3250 487 3307 Archestratus
508 3243 563 3310 Ἐν
578 3245 604 3310 δ’
623 3245 710 3331 Αἴνῳ
737 3247 855 3330 καὶτῷ
877 3246 995 3331 Πόντῳ
1019 3248 1079 3325 τὴν
1101 3245 1140 3311 ὗν
1162 3245 1310 3324 ἀγόραζε.

211 3349 302 3412 Ouid.
325 3350 384 3410 hal.
412 3365 468 3424 132
494 3345 628 3428 ‘Lolligo
651 3353 781 3427 durique
805 3369 874 3410 sues
883 3347 900 3409 ’.
946 3352 1058 3410 Porcus
1082 3353 1174 3428 piscis
1197 3368 1310 3407 nomen

211 3443 393 3526 apud'Plin.
406 3451 526 3509 XXXII
553 3466 597 3526 19.
623 3452 671 3524 56.
700 3468 766 3525 ¹50·
812 3453 893 3511 Tum
909 3452 1096 3510 Archestrati
1118 3470 1239 3510 uersum
1260 3469 1308 3526 ap.

211 3551 323 3611 Athen.
347 3552 391 3610 IX
414 3571 441 3627 p.
465 3552 527 3627 384
550 3553 574 3609 B

216 3728 413 3736 ——---—--...--.

313 3820 333 3890 ¹)
352 3820 436 3871 Aliud
456 3836 540 3884 genus
565 3821 640 3886 panis
662 3820 761 3886 Syriaci
784 3820 892 3885 λαχμὰν
916 3821 1010 3872 dicitur
1038 3821 1172 3871 uocabulo
1201 3821 1309 3886 Syriaco

212 3926 252 3976 ap.
273 3911 374 3961 Athen.
394 3911 436 3958 III
454 3927 478 3976 p.
496 3921 543 3972 113
559 3909 588 3960 C.
603 3937 635 3946 -
650 3909 771 3958 Ceterum
792 3925 895 3976 semper
914 3911 969 3960 iere
984 3913 1076 3976 pistor
1095 3910 1164 3974 apud
1184 3909 1308 3974 antiquos

211 3999 352 4065 scriptores
377 4005 548 4050 memoratur:
577 4013 634 4047 cum
659 3997 702 4047 his
726 3998 824 4048 Lucilii
852 3998 973 4048 uersibus
1002 3999 1072 4048 cons.
1096 3997 1159 4059 Dig.
1177 3997 1309 4045 XXXIII

212 4100 237 4152 7,
259 4083 322 4156 12§
350 4087 429 4151 5ubi
447 4094 623 4137 memorantur
649 4085 789 4137 ‘mulieres
818 4103 886 4153 quae
922 4102 1016 4154 panem
1049 4072 1163 4149 coquant
1190 4099 1309 4150 quaeque

210 4176 303 4226 uillam
324 4175 446 4228 seruent.’
