2980 4752
696 261 736 322 49

269 437 350 494 Libri
383 436 521 494 eiusdem
554 455 584 494 u.
612 436 723 512 870L
763 451 819 510 105
843 437 876 494 M
908 435 1103 494 multifariam
1130 443 1223 512 atque
1252 453 1270 492 a

168 539 270 596 multis
293 545 442 596 tractatus
463 538 495 594 in
517 537 675 594 codicibus
697 537 765 595 talis
789 545 854 596 est:

252 639 367 713 plauda
390 643 451 695 una
473 646 522 695 est
552 638 683 713 pedibus
715 638 841 696 cariosis
864 638 1077 696 mensulibano
1102 633 1268 714 (mensula-

897 813 901 828 .
990 739 1063 796 bino
1085 733 1181 816 Harl.)

270 837 408 897 Correxit
431 840 566 915 Scaliger
585 841 704 913 plauto,
733 841 820 915 quod
843 841 1028 898 uocabulum
1049 841 1268 915 nescioquam

169 948 254 998 recte
288 949 451 1016 usurpetur
481 941 513 999 in
533 941 625 998 rebus
657 942 816 1001 inanimis:
839 942 943 1018 itaque
965 941 1072 999 melius
1094 941 1130 1000 L.
1153 941 1270 998 clauda.

170 1041 295 1099 Exitum
323 1060 429 1099 uersus
456 1043 557 1100 multis
582 1042 683 1100 modis
718 1060 827 1100 sanare
862 1044 1047 1101 studuerunt
1080 1042 1135 1099 uiri
1168 1041 1267 1099 docti:

171 1162 266 1200 mensa
295 1141 405 1201 Sabino
438 1144 597 1202 Francken
633 1163 729 1201 mensa
763 1143 874 1201 Liboni
904 1143 1050 1220 Scaliger,
1084 1162 1178 1200 mensa
1214 1142 1269 1199 Li-

171 1245 257 1302 bussa
279 1244 431 1315 Ribbeck3
463 1245 602 1304 Muelleri
625 1247 803 1304 coniectura
828 1246 955 1303 nimium
989 1265 1008 1304 a
1028 1245 1148 1303 traditis
1172 1244 1269 1303 abest.

171 1346 319 1404 Litteram
341 1364 450 1404 uersus
474 1355 642 1405 extremam
654 1348 782 1422 periisse
799 1348 941 1406 arbitror:
965 1355 1088 1435 ceterae
1103 1347 1222 1404 litterae
1238 1345 1270 1402 in

171 1449 312 1505 ordinem
333 1449 543 1507 restituendae
565 1457 636 1506 sunt
658 1458 692 1507 ut
714 1449 912 1524 descriptioni
944 1466 1040 1507 cenae
1063 1448 1269 1523 pauperculae
1363 1480 1366 1487 ,

171 1567 252 1626 quae
278 1533 317 1608 fit
343 1569 395 1607 uu.
419 1550 479 1626 895
503 1551 529 1608 L
552 1566 593 1624 ρο
614 1550 647 1608 M
670 1549 730 1607 866
751 1551 777 1608 L
799 1566 835 1622 41
862 1550 895 1608 M
929 1551 1063 1607 addatur
1088 1567 1196 1607 uersus
1226 1549 1271 1606 sic

171 1662 347 1710 correctus:

170 1746 283 1830 lectus]
307 1772 382 1810 unns
404 1753 559 1810 consterni
581 1753 661 1810 nobis
682 1747 766 1808 uetu'
790 1752 922 1809 restibus
945 1760 1045 1827 aptus,

297 1855 459 1912 culcitulae
482 1855 636 1912 accedunt
657 1855 763 1930 priuae
788 1848 967 1912 centonibu’
989 1854 1079 1912 binis,

299 1957 410 2014 clauda
434 1975 493 2012 una
518 1964 565 2013 est
586 1957 717 2031 pedibus
742 1957 866 2014 cariosis
890 1958 1021 2013 mensula
1043 1952 1166 2031 nobis¹).

122 2085 131 2098 ·
173 2055 315 2114 nnnsula
337 2059 405 2114 nino
426 2058 518 2114 uideo
547 2058 607 2114 iam
629 2056 808 2115 Turnebum
836 2059 1016 2117 coniecisse.
1061 2057 1199 2130 Quorum
1223 2075 1272 2114 uu.

171 2159 302 2234 primum
324 2167 356 2217 et
379 2167 547 2216 extremum
569 2159 594 2215 si
615 2160 693 2215 inter
716 2177 750 2216 se
774 2159 939 2217 contuleris
955 2159 1146 2216 coniecturas
1162 2160 1271 2216 multas

173 2261 213 2316 de
236 2260 332 2335 primo
354 2260 490 2335 prolatas
512 2267 545 2316 ut
575 2259 667 2316 falsas
698 2261 862 2333 redargues
886 2258 995 2332 (uellus
1017 2261 1177 2316 consternit
1200 2258 1271 2316 Rib-

170 2361 251 2417 beck
274 2361 370 2417 clinas
391 2359 433 2418 M.
460 2360 535 2418 alias
558 2361 628 2431 alii).

627 2536 822 2544 m

273 2644 356 2702 Libri
378 2645 518 2702 eiusdem
541 2664 569 2705 u.
593 2661 655 2720 944
679 2645 704 2702 L
731 2661 787 2720 119
810 2646 843 2704 M
866 2646 992 2704 codices

522 2746 594 2821 quid
616 2745 786 2820 quaerimus
808 2765 879 2804 acre

257 2846 415 2904 inductum
437 2855 527 2904 cautu
549 2845 569 2918 's
591 2846 746 2903 stodidum
768 2843 916 2920 (stolidum
938 2847 1101 2904 custoditum
1125 2843 1187 2921 alii)

172 2945 314 3004 Stolidnm
337 2955 420 3004 recte
432 2947 576 3004 Rothius:
599 2947 654 3002 hac
675 2966 708 3002 re
727 2948 756 3004 in
773 2966 801 3006 u.
825 2948 925 3022 priore
944 2947 1063 3022 scripsit
1078 2947 1189 3017 Iunius,
1214 2947 1272 3005 Ar·

168 3066 229 3124 gon
251 3048 388 3108 Mueller.
412 3047 610 3105 Scribendum
633 3055 723 3122 puto:

525 3147 607 3220 Quid
630 3148 801 3223 quaen'mus
824 3147 885 3204 acri

259 3250 414 3308 inductum
435 3258 526 3308 cantu
548 3251 689 3307 stolidum
711 3295 718 3307 .
743 3297 749 3309 .
775 3298 780 3310 .

172 3345 258 3407 Acer
281 3352 362 3408 idem
382 3351 465 3408 ualet
487 3353 570 3426 quod
585 3347 675 3427 λιγύς
690 3347 820 3426 λιγυρός
836 3351 1005 3408 Graecum:
1027 3351 1070 3408 sic
1081 3351 1157 3412 Hor.
1180 3369 1271 3410 carm.

174 3452 188 3508 Ι
213 3467 259 3519 12,
287 3468 297 3509 1
325 3453 393 3509 acri
412 3451 495 3522 tibia,
530 3453 638 3509 Accius
667 3453 750 3527 apud
773 3450 852 3510 Non.
875 3469 906 3526 p.
931 3467 990 3524 213
1020 3469 1087 3507 acre
1114 3447 1171 3528 (sic
1191 3459 1273 3508 recte

175 3552 284 3627 Bothe,
317 3553 409 3611 codd.
438 3549 515 3626 acra)
543 3560 702 3627 crepantes
725 3552 819 3610 melos.
863 3550 971 3624 Agitur
1000 3549 1046 3607 his
1069 3569 1120 3610 uu.
1151 3558 1204 3608 aut
1232 3552 1273 3607 de

176 3653 328 3710 Sirenibus
359 3671 503 3710 earumue
527 3653 669 3710 similibus
691 3653 830 3710 homiues
853 3659 944 3709 cantu
969 3660 1058 3709 acuto
1083 3652 1272 3710 fallentibus:

176 3753 257 3812 conf.
279 3753 372 3810 Hom.
397 3771 418 3828 μ
442 3769 579 3828 39—44:

277 3917 297 3982 ¹)
315 3919 361 3968 Ad
380 3921 456 3968 nobis
475 3918 544 3967 conf.
566 3917 643 3966 etiam
662 3917 804 3967 Philoxeni
825 3917 939 3970 δεῖπνον
958 3918 1007 3980 frg.
1027 3917 1165 3980 2Berglr.:
1186 3915 1230 3980 Εἰς
1249 3917 1274 3969 δ’

177 4009 281 4075 ἔφερον
304 4007 413 4062 διπλόοι
435 4007 532 4070 παῖδες
557 4009 708 4072 λιπαρῶπα
731 4006 873 4073 τράπεζαν
893 4003 986 4072 Ἅρμ’,
1009 4006 1100 4072 ἕτεροι
1120 4004 1145 4057 δ’
1165 4005 1272 4072 ἑτέραν,

178 4100 256 4152 ἄλλοι
275 4097 299 4150 δ’
319 4097 426 4164 ἑτέραν,
452 4097 529 4163 μέχρι
548 4095 582 4149 αὖ
595 4095 750 4162 πλήρωσαν
768 4095 855 4148 οἶκον.
893 4095 1033 4160 Mensula,
1051 4097 1170 4144 utHom.
1191 4105 1272 4159 ⁰²59

178 4185 280 4253 δίφρον
303 4185 438 4239 ἀεικέλιον
462 4186 591 4248 καταθεΙς
610 4182 707 4248 ὀλίγην
726 4197 757 4235 τε
775 4182 923 4248 τράπεζαν.
943 4181 1024 4230 Arist.
1044 4189 1114 4248 poet.
1137 4198 1193 4249 cap.
1215 4193 1256 4230 22.

1073 4301 1088 4348 4
