2998 4744
729 228 748 288 8

189 425 329 494 tempora
351 417 494 480 feruntur.
528 415 643 472 inuenit
670 415 883 490 grammaticus
918 413 1030 472 aetatis
1053 413 1203 481 Sullanae,
1237 421 1289 470 aut

189 519 230 578 M.
255 517 385 577 Uarroni
407 517 570 576 simillimus
594 524 655 586 aut,
678 517 762 592 quod
783 515 856 573 mihi
882 516 947 574 ueri
969 514 1148 572 similimum
1170 515 1290 572 uidetur

191 616 288 674 Uarro
308 618 374 692 Ipse
394 617 445 693 qui
466 617 497 674 In
519 617 594 673 libro
618 618 658 673 de
674 617 855 692 antiquitate
879 616 1044 673 litterarum
1059 615 1101 671 ad
1112 613 1147 671 L.
1163 613 1289 671 Accium

189 717 300 792 scripto
324 718 364 774 de
385 716 557 774 nominibus
588 717 754 774 litterarum
781 716 844 789 egit
872 709 1053 792 (Wilmanns
1081 714 1121 770 de
1143 713 1289 771 Varronis

189 819 268 876 libris
291 817 495 893 grammaticis
517 835 546 893 p.
575 812 646 891 125)
670 817 728 874 ΧΧ
750 816 815 873 sere
837 817 924 874 annis
946 823 1018 891 post
1034 815 1139 873 Lucilii
1149 823 1287 874 mortem.

288 917 420 976 NomIna
428 913 451 995 ¹)
474 919 554 975 enim
576 919 740 976 litterarum
764 917 839 974 XXI
861 918 886 974 si
907 934 1123 992 percensemue
1146 934 1165 973 a
1180 934 1198 973 e
1211 917 1221 974 1
1236 935 1254 974 o
1269 935 1289 973 u

189 1019 224 1077 es
234 1019 263 1077 el
278 1039 329 1077 em
344 1038 383 1078 en
399 1036 476 1077 eres
498 1019 537 1077 be
551 1037 592 1096 pe
607 1020 648 1076 de
663 1028 694 1077 te
709 1037 747 1077 ce
760 1035 800 1093 ge
823 1017 861 1075 ha
882 1019 923 1075 ka
937 1037 978 1094 qu
999 1018 1029 1074 ix
1053 1049 1094 1060 -
1114 1037 1133 1093 y
1156 1017 1236 1076 enim
1257 1025 1290 1076 et

188 1141 203 1178 z
227 1121 364 1180 Graecas
394 1122 482 1178 mitto
506 1151 543 1164 ·-
575 1139 667 1180 nemo
698 1121 806 1196 opinor
839 1137 903 1177 non
934 1119 1020 1177 uidet
1049 1121 1146 1196 primo
1182 1121 1291 1179 obtutu

189 1222 266 1282 haec
287 1241 348 1280 nec
368 1223 487 1298 priseae
509 1223 670 1281 uetustatis
693 1239 763 1280 esse
785 1231 819 1280 ut
842 1221 964 1279 Graeca
985 1221 1151 1279 litterarum
1165 1224 1292 1282 nomina

188 1341 246 1381 nec
269 1340 342 1381 casu
365 1324 456 1394 facta,
480 1324 537 1381 sed
559 1324 599 1381 ab
616 1323 738 1380 homine
756 1322 944 1380 Graecorum
967 1324 1007 1380 de
1022 1322 1127 1380 litteris
1150 1323 1290 1382 doctrina

189 1425 305 1483 imbuto
328 1425 446 1500 singula
468 1425 591 1500 siugulis
612 1425 717 1482 litteris
740 1442 809 1482 esse
831 1424 974 1500 imposita
996 1443 1034 1482 ea
1049 1424 1167 1482 ratione
1188 1432 1222 1482 ut
1236 1442 1290 1482 uo·

190 1525 272 1584 cales
289 1544 375 1583 suum
395 1543 535 1602 quaeque
549 1543 658 1584 sonum
672 1525 807 1584 habeant
822 1544 877 1602 pro
893 1527 1027 1592 nomine,
1050 1526 1289 1584 consonantibus

189 1626 356 1684 eaddatur
381 1628 584 1703 postpositum
613 1627 713 1696 mutia,
746 1627 980 1685 semiuocalibus
1008 1627 1225 1702 antepositum,
1257 1634 1291 1684 ut

189 1727 322 1803 denique
354 1727 394 1784 ha
419 1727 458 1786 ka
481 1728 572 1803 quir
601 1735 800 1802 segregentur
822 1745 841 1784 a
862 1729 971 1786 ceterIs
994 1729 1150 1785 nominum
1171 1728 1290 1787 ratione

189 1836 316 1898 mutata,
340 1828 364 1885 si
386 1829 480 1886 modo
503 1828 609 1886 harum
632 1828 796 1885 litterarum
808 1837 951 1903 quattuor
963 1829 1088 1886 uomina
1110 1829 1212 1886 eidem
1234 1829 1289 1885 de·

58 1921 59 1924 '
128 2009 130 2014 Ι
187 1929 298 1986 bentur
330 1929 378 1985 cui
410 1928 599 2005 reliquarum.
643 1927 714 1987 Una
747 1930 863 1987 scillcet
896 1929 965 2003 lege
988 1929 1047 1986 XII
1080 1937 1288 1987 consonantes

188 2031 302 2088 litteras
325 2029 558 2104 comprehendit
579 2030 603 2086 is
627 2031 678 2106 qui
699 2030 749 2087 illa
771 2031 897 2088 nomina
917 2029 1019 2106 posuit
1039 2029 1163 2105 primus,
1193 2030 1235 2086 ita
1256 2039 1290 2087 ut

188 2149 278 2207 supra
298 2131 515 2201 demonstrem,
539 2151 554 2188 ι
574 2131 674 2189 littera
696 2133 818 2192 addita:
852 2133 935 2190 idem
957 2131 1096 2190 omnibus
1111 2123 1289 2190 'semiuoca-

188 2234 264 2291 libus
287 2233 412 2290 fulcrum
433 2234 620 2308 praeposuit,
648 2234 944 2319 ppstposuitmutis.
988 2232 1197 2291 Semiuocales
1220 2233 1290 2291 dico

188 2352 274 2392 more
296 2333 430 2391 omnium
466 2334 517 2409 qui
549 2335 637 2392 nobis
672 2335 786 2392 seruati
819 2343 889 2393 sunt
918 2335 1185 2409 grammaticorum
1215 2335 1291 2392 anti-

189 2453 315 2512 quorum
329 2431 360 2510 f
366 2435 381 2490 l
390 2453 416 2491 m
431 2454 450 2490 n
462 2454 481 2491 r
490 2453 505 2491 s
515 2453 541 2490 x
557 2465 595 2476 -
609 2436 704 2493 etiam
716 2438 800 2512 apud
815 2435 953 2494 Graecos
966 2437 981 2498 ξ
996 2436 1076 2492 inter
1090 2435 1290 2494 serniuocales

188 2545 237 2594 est
258 2535 386 2609 Dionys,
415 2535 484 2594 Hal.
508 2536 538 2596 d.
563 2553 701 2612 compos.
730 2537 813 2596 uerb.
836 2534 911 2593 XIV
937 2535 1064 2611 Dionys.
1088 2535 1200 2595 Thrac.
1223 2534 1238 2606 ᾖ
1262 2550 1290 2610 7.

188 2633 322 2711 (Beklrer
344 2637 380 2694 A.
405 2635 434 2692 G
455 2635 482 2692 II
504 2655 533 2712 p.
558 2630 645 2712 631.)
672 2667 707 2677 -
731 2637 805 2694 item
827 2644 926 2694 mutas
955 2635 971 2692 b
995 2655 1009 2692 c
1031 2637 1053 2692 d
1069 2654 1094 2710 g
1113 2634 1132 2692 lr
1152 2636 1169 2692 k
1185 2644 1210 2711 p
1232 2655 1250 2710 q
1271 2642 1291 2696 t.

187 2735 253 2794 Iam
275 2736 292 2793 le
314 2737 415 2794 littera
436 2744 469 2794 et
492 2755 510 2810 q
531 2737 656 2794 nomina
677 2755 716 2794 ex
730 2737 888 2795 uocalibus
911 2753 991 2813 quae
1013 2754 1067 2794 eas
1090 2737 1177 2813 sequi
1199 2739 1292 2796 adso·

188 2837 272 2894 leant
294 2845 432 2895 traxere:
459 2856 474 2894 c
495 2838 595 2896 littera
616 2857 691 2897 uero
713 2856 774 2915 quo
797 2839 1034 2913 distingueretur
1056 2857 1075 2896 a
1098 2839 1137 2896 ka
1160 2838 1253 2910 affini,
1278 2859 1292 2896 e

187 2937 328 2994 uocalem
351 2939 487 2996 adiunxit
509 2941 723 3014 grammaticus
747 2948 780 2998 et
799 2940 867 2999 huic
889 2940 946 3016 ipsi
968 2947 1001 2998 et
1014 2941 1149 3017 qulnque
1170 2940 1291 3016 reliquis

189 3039 278 3096 mutis
298 3057 322 3115 g
345 3038 400 3113 lp
423 3042 445 3097 d
463 3046 482 3109 t,
508 3059 584 3116 quas
611 3041 723 3099 similes
754 3059 824 3100 esse
845 3042 923 3099 iuter
945 3060 980 3100 se
1001 3042 1106 3111 uoluit,
1130 3041 1291 3100 dissImiles

187 3141 356 3209 litterae,
387 3142 434 3198 cui
457 3161 475 3198 a
496 3142 626 3200 litteram
648 3143 791 3219 apposuit
811 3144 916 3201 nescio
939 3160 1043 3218 quare,
1067 3143 1198 3202 fortasse
1221 3143 1290 3219 quia

189 3243 249 3300 hoc
270 3243 519 3318 simplicissIrnum
541 3245 716 3304 uidebatur:
740 3245 822 3302 idem
842 3261 868 3300 x
883 3244 1014 3302 litteram
1036 3245 1150 3303 exemit
1171 3244 1291 3304 esemi·

188 3343 346 3401 uocalibus
368 3343 543 3419 praeposita
566 3346 587 3409 i,
617 3361 686 3402 cum
708 3345 843 3421 reliquae
866 3364 879 3402 e
901 3345 1002 3403 littera
1025 3345 1196 3418 fulciantur3
1230 3343 1290 3400 sor·

189 3452 272 3502 tasse
294 3453 378 3503 recte
401 3445 554 3521 eprIcant
575 3446 765 3520 grammatici
796 3445 840 3504 ita
870 3445 984 3503 factum
1016 3463 1087 3504 esse
1122 3445 1290 3503 secundum

189 3545 371 3603 uocabulum
394 3545 546 3604 Graecum
568 3547 654 3605 huius
675 3548 793 3604 litterae
817 3541 884 3625 ξῑῗ).

188 3675 190 3678 ·
288 3646 396 3724 Itaque
427 3665 495 3706 cum
518 3656 664 3726 appareat
687 3649 852 3706 litterarum
874 3647 1051 3706 Latinarum
1072 3646 1197 3704 nomina
1226 3665 1291 3705 non

292 3887 312 3954 1)
332 3888 459 3940 Priscian.
479 3890 507 3938 11
524 3904 549 3954 p.
561 3901 586 3953 7,
605 3890 639 3938 26
658 3888 733 3939 Seru.
753 3889 794 3938 IV
811 3905 837 3954 p.
851 3901 914 3952 422,
928 3899 968 3953 15.
987 3889 1061 3950 Serg.
1071 3887 1120 3948 IV,
1134 3904 1159 3954 p.
1170 3894 1232 3953 470,
1246 3901 1290 3953 31.

192 3988 251 4042 520,
274 3978 314 4028 18.
332 3977 450 4043 Pompei.
470 3978 497 4027 V
514 3993 540 4043 p.
563 3988 646 4039 101‚9
666 3978 742 4029 Keil.
761 3977 875 4028 Tantum
894 3977 964 4043 apud
982 3976 1099 4026 Probum
1115 3978 1245 4044 IVp.49,
1256 3991 1287 4042 31

190 4083 223 4115 ex
241 4082 288 4132 pro
307 4069 337 4115 ix
354 4066 477 4115 traditum
496 4072 545 4124 est,
564 4066 636 4131 quod
655 4065 838 4130 corrigendum
857 4081 916 4116 esse
936 4080 1040 4116 censeo.

291 4153 313 4222 ²)
331 4153 456 4205 Priscian.
477 4155 505 4203 11
523 4170 548 4220 p.
562 4155 586 4215 8,
600 4166 640 4208 12,
651 4167 693 4207 20.
712 4155 816 4209 Anecd.
835 4155 942 4207 Heluet.
962 4155 1004 4204 ed.
1018 4155 1115 4220 Hagen
1134 4171 1159 4222 p.
1174 4166 1234 4219 224,
1248 4167 1289 4209 12.
