2998 4744
733 243 770 282 22

204 417 251 485 sit,
275 415 395 474 dubito:
429 415 561 472 Nonium
584 422 686 471 autem
710 412 888 487 saepissime
912 411 953 468 sic
974 409 1174 484 interpretari,
1207 407 1302 464 ueluti

206 518 338 574 Flaccet:
361 518 491 591 languet,
516 515 611 589 deficit
631 509 674 591 (p.
705 512 774 588 110)
802 544 839 552 --
868 513 964 570 Aere:
979 512 1151 586 proueniunt,
1176 509 1300 584 diligens

205 614 247 694 (p.
272 614 344 693 241)
378 633 469 674 nemo
502 634 566 673 non
598 614 819 673 animadvertit.
842 614 967 670 -Iam
997 614 1037 670 ad
1061 612 1164 671 Lucilii
1196 629 1302 669 uersus

205 721 396 778 accedamus

304 821 404 894 Atque
425 818 554 893 primum
575 818 699 893 quidem
725 818 920 875 statuendum
943 823 1001 889 est,
1024 816 1073 890 agi
1095 814 1140 874 his
1163 813 1304 872 uersibus

206 921 246 977 de
268 921 352 977 dicto
375 920 453 993 regis
477 919 635 976 cuiusdam
658 918 821 977 Thraciae:
844 919 914 975 licet
936 917 1017 973 enim
1039 917 1160 991 regibus
1174 914 1307 990 Paphla·

206 1019 350 1094 gonum¹)
374 1021 499 1078 aliorum
524 1036 637 1076 nomen
660 1019 748 1076 luerit
761 1017 865 1093 Cotys,
888 1025 992 1074 tamen
1013 1017 1130 1074 maiore
1144 1016 1226 1073 fama
1249 1033 1309 1091 qua

206 1122 359 1179 Thracum
382 1121 476 1195 reguli
497 1120 702 1177 isto'nomine
724 1119 855 1194 praediti
876 1119 1039 1177 utebantur
1062 1118 1146 1193 apud
1166 1118 1307 1193 antiquos

205 1223 374 1280 inducimur
403 1223 442 1278 de
458 1220 624 1278 vThraciae
655 1238 727 1294 rege
749 1221 899 1294 cogitare:
934 1237 995 1295 quo
1030 1219 1123 1276 etiam
1145 1227 1308 1276 uentorum

206 1324 320 1382 mentio
342 1341 400 1381 nos
422 1339 530 1380 vocare
552 1323 681 1379 uidetur.
727 1319 839 1396 Cotyes
862 1323 962 1397 plures
986 1339 1054 1377 cum
1076 1321 1208 1377 norimus
1230 1318 1309 1376 tales

207 1427 246 1482 de
275 1425 394 1481 duobus
424 1432 542 1480 tanturn
569 1424 660 1480 datur
681 1423 776 1499 optiO,
809 1431 908 1481 utrum
930 1421 1061 1480 Lucilius
1092 1421 1148 1479 illis
1171 1421 1309 1478 uersibus

206 1525 342 1600 intellegi
362 1525 501 1583 uoluerit.
545 1525 632 1581 Alter
649 1525 764 1582 Lucilio
789 1524 987 1582 adulescente
1008 1523 1089 1580 bello
1105 1523 1308 1580 Macedonico

206 1628 291 1684 initio
308 1645 376 1684 cum
396 1644 415 1682 a
427 1625 531 1685 Persei
551 1627 688 1701 partibus
707 1627 852 1695 stetisset,
876 1634 980 1683 tamen
995 1632 1105 1700 postea
1126 1625 1158 1680 in
1179 1625 1310 1699 gratiam

206 1729 311 1804 populi
327 1727 459 1785 Romani
481 1736 626 1802 acceptus
650 1736 708 1795 est,
732 1728 777 1783 uir
788 1727 941 1784 Thracum
962 1726 1215 1800 intemperantiae
1239 1725 1310 1782 alie-

206 1847 274 1897 nus,
306 1838 337 1886 et
359 1828 440 1886 bello
461 1837 600 1886 strenuus
624 1835 656 1884 et
678 1827 812 1885 moribus
837 1827 985 1884 humanus
1009 1821 1087 1901 (Liu.
1110 1841 1160 1897 42,
1186 1842 1234 1901 29.
1259 1840 1308 1898 51.

208 1945 256 2004 57.
282 1928 330 2001 58.
354 1928 403 2003 hy.
427 1945 478 2001 44,
509 1944 559 2000 42.
583 1943 633 2000 45,
657 1927 685 1986 6.
710 1944 759 2000 42.
790 1926 894 2001 Polyb.
919 1943 968 2002 27,
995 1943 1041 1986 10.
1070 1943 1119 2000 30,
1147 1942 1192 1984 12.
1214 1925 1307 1986 Diod.

208 2047 257 2105 30,
282 2047 310 2104 3.
332 2044 383 2103 37,
412 2024 454 2104 5).
500 2029 542 2085 At
573 2028 669 2084 multo
699 2028 843 2086 famosior
868 2029 953 2104 apud
975 2028 1135 2102 scriptores
1167 2028 1308 2104 antiquos

208 2131 302 2205 Cotys
326 2129 535 2204 Cersobleptis
568 2137 665 2204 pater,
700 2129 857 2205 Iphicratis
880 2147 976 2204 socer,
1007 2130 1046 2186 ab
1068 2128 1306 2186 Atheniensibus

207 2233 329 2290 ciuitate
351 2233 493 2304 donatus,
515 2230 609 2288 homo
632 2232 778 2289 barbams
801 2249 911 2290 saeuus
934 2233 1074 2303 crudelis,
1097 2231 1272 2289 interfectus
1290 2249 1308 2288 a

209 2333 347 2407 Pythone
370 2340 401 2388 et
422 2331 587 2388 Heraclide
610 2333 724 2402 Aoniis,
749 2334 788 2390 de
812 2348 874 2408 quo
896 2333 991 2391 multa
1012 2333 1148 2391 historici
1170 2343 1308 2392 oratores

207 2432 379 2510 philosophi
401 2432 518 2490 comici:
553 2430 714 2492 Demosth.
736 2435 879 2492 Aristocr.
905 2433 932 2494 8.
962 2449 1029 2508 119.
1062 2433 1209 2510 Harpocr.
1234 2453 1256 2495 s.
1279 2454 1308 2494 u.

208 2536 332 2592 Aristot.
356 2534 439 2610 polit.
464 2550 479 2592 e
501 2551 531 2607 p.
549 2533 649 2605 1311b
667 2549 701 2590 21
729 2553 837 2594 oecon.
862 2536 878 2610 β
900 2553 928 2610 p.
947 2545 1046 2608 1351³
1073 2535 1203 2610 18-32.
1228 2537 1308 2592 Ana-

209 2638 315 2694 xandr.
349 2636 441 2695 Mein.
476 2653 553 2692 com.
579 2633 631 2692 Gr.
665 2652 693 2708 3,
722 2635 777 2693 182
814 2635 1006 2711 Theopomp.
1040 2655 1087 2711 ap.
1113 2637 1225 2694 Athen.
1250 2638 1309 2695 XII

207 2753 236 2811 p.
255 2727 311 2808 531
331 2735 357 2792 E
379 2735 437 2792 alii.
481 2733 573 2790 Hunc
596 2732 724 2809 Philippi
746 2735 927 2792 MacedoniS
951 2737 1113 2811 aequalem
1138 2739 1240 2813 potius
1263 2739 1308 2794 in·

209 2837 312 2912 tellegi
334 2853 352 2891 a
373 2835 491 2892 Lucilio
519 2836 691 2910 putauerim
713 2843 879 2910 propterea
900 2838 984 2912 quod
1008 2837 1058 2894 uix
1080 2839 1309 2902 uerisimilein·

209 2937 280 2993 dico
302 2937 424 2993 alterius
447 2937 521 2993 illius
545 2935 640 3010 reguli
661 2935 733 2991 uicti
756 2942 787 3011 et
808 2937 840 2992 in
860 2938 990 3011 gratiam
1012 2939 1130 3013 accepti
1153 2939 1308 2996 dictaRo·

137 3116 139 3120 Ι
209 3039 306 3096 manis
329 3039 360 3095 in
382 3055 435 3094 ore
458 3037 566 3094 luisse:
590 3044 622 3093 at
638 3045 744 3094 contra
765 3037 852 3095 huius
877 3040 958 3096 dicta
972 3040 1118 3098 nonnulla
1134 3043 1218 3116 apud
1230 3039 1307 3098 Plut.

210 3140 356 3216 apophth.
390 3157 453 3214 reg.
488 3147 520 3195 et
550 3139 621 3214 imp.
656 3157 731 3196 mor.
755 3157 784 3214 p.
812 3155 869 3213 174
893 3139 958 3198 DE.
982 3140 1066 3198 Stob.
1092 3140 1143 3214 48,
1166 3157 1204 3216 45
1240 3140 1308 3200 Ual.

209 3241 291 3300 Max.
313 3242 355 3298 111
380 3257 407 3315 7,
431 3249 519 3316 ext.7
544 3242 718 3300 traduntur:
743 3241 883 3316 adquae
909 3241 968 3299 hoc
982 3259 1105 3318 quoque
1119 3243 1309 3301 Lucilianum

209 3345 361 3419 pertinere
382 3341 455 3398 mihi
477 3342 606 3415 uidetur,
631 3342 780 3417 siquidem
810 3342 905 3399 uerba
929 3341 1001 3398 Rex
1029 3341 1113 3400 Cotus
1142 3345 1194 3400 illc
1217 3343 1312 3400 aiebat

209 3461 273 3500 non
295 3444 476 3519 applicanda
510 3444 643 3500 suntad
675 3460 768 3500 unam
789 3451 819 3499 et
842 3451 957 3501 certam
979 3461 1114 3515 causam,
1147 3445 1203 3502 sed
1229 3462 1309 3520 quae

210 3562 314 3602 eorum
337 3553 385 3602 est
405 3552 514 3602 natura
536 3539 826 3620 ἀποφθεγματικῶς
849 3545 931 3602 dicta
954 3561 1022 3602 esse
1044 3553 1202 3620 apparent.

307 3646 373 3704 Iam
394 3646 507 3703 dictum
530 3643 633 3722 Cotyis
656 3645 756 3721 paullo
781 3646 916 3703 subtilius
946 3646 1142 3705 excutiamus,
1186 3644 1308 3704 Dixisse

210 3748 338 3806 traditur
371 3765 439 3805 sese
469 3749 547 3804 solos
568 3755 703 3805 austrum
736 3755 830 3822 atque
863 3746 1038 3822 aquilonem
1071 3763 1175 3805 nosse.
1220 3745 1309 3818 Quae

211 3849 363 3907 sententia
383 3867 567 3925 quamquam
582 3857 719 3906 ueterum
741 3847 869 3923 physicis
892 3856 1018 3922 accepta
1041 3847 1184 3915 nonfuit,
1206 3856 1311 3904 tamen

315 4157 335 4228 ¹)
351 4159 423 4208 Xen.
442 4161 526 4221 Ages.
544 4159 571 4207 11
595 4159 627 4207 26
647 4160 730 4220 1114.
