2998 4744
704 234 744 296 ³3

175 403 270 461 dnbio
292 405 469 464 recordatus
492 404 544 480 qui
566 413 613 463 est
638 403 732 464 Poen.
757 405 772 461 I
800 421 825 473 1,
839 473 842 480 ²
855 419 901 473 ro,
929 405 981 462 ubi
1002 423 1111 466 seruus
1132 408 1277 484 plagosus

174 505 290 563 facete:

260 606 349 664 Nunc
371 606 444 665 mihi
466 607 660 665 blandidicus
683 624 728 673 es,
751 606 863 664 berlin
886 616 973 684 tergo
996 625 1066 666 meo

259 710 314 765 tris
335 709 424 766 facile
448 711 537 767 corrbr
558 709 727 768 contriuisti
748 708 890 769 bubulos.

170 808 202 868 h.
226 829 255 866 e.
279 810 336 867 tria
357 810 477 886 tergina
499 810 716 886 consumpsisti
739 811 913 870 caedendo.

274 1010 388 1068 Uersus
416 1011 484 1069 illos
511 1013 633 1082 multoe,
656 1011 765 1088 quibus
788 1013 1030 1089 paratragoedat
1051 1021 1155 1088 poeta,
1189 1019 1276 1070 ante-

170 1113 268 1171 cessit
290 1113 462 1171 exhortatio
479 1113 703 1172 interlocutoris
726 1115 892 1175 eiusmodi:
915 1110 991 1172 ‘non
1014 1115 1148 1172 animum
1170 1114 1276 1189 populi

171 1214 283 1289 capitis
306 1222 419 1290 poetae
441 1209 559 1293 (XXVI
582 1232 601 1288 4
623 1215 656 1273 M
680 1215 738 1291 853
763 1216 789 1274 L
812 1231 871 1292 575
894 1216 920 1274 L
941 1232 983 1290 34
1004 1213 1050 1294 M)

257 1316 314 1373 nisi
336 1323 478 1391 portenta
501 1317 672 1392 anguisque
687 1317 818 1374 uolucris
842 1336 879 1375 ac
902 1318 1047 1393 pinnatos
1069 1317 1209 1376 scribitis.

172 1415 235 1488 Qui
256 1436 285 1475 u.
315 1417 380 1475 sine
403 1417 497 1475 dubio
521 1419 563 1476 ad
585 1418 718 1476 Medeae
747 1414 839 1493 (conf.
862 1417 949 1478 Uarr.
977 1428 1034 1478 sat.
1062 1417 1122 1492 284
1144 1417 1183 1492 B)
1205 1436 1273 1475 cur·

171 1537 238 1576 rum
256 1515 441 1593 δρακόντων
456 1519 628 1594 πτερωτῶν
650 1515 788 1598 (hypoth.
801 1521 902 1595 Eurip.
918 1516 1014 1598 Med.)
1036 1522 1178 1596 pertinet,
1200 1538 1272 1578 nam

172 1620 352 1696 Triptolemi
373 1620 477 1678 sabula
498 1621 646 1679 Romanis
668 1638 776 1696 parum
799 1629 873 1678 nota
896 1622 1018 1679 uidetur
1033 1630 1127 1696 atque
1147 1620 1273 1680 Pacuuii

174 1721 300 1780 Medum
321 1723 423 1796 potius
456 1740 548 1798 quarn
568 1721 659 1780 Ennii
691 1731 746 1779 aut
770 1723 855 1780 Accii
876 1722 1022 1780 Medeam
1055 1723 1140 1798 tangi
1162 1722 1221 1782 hoc
1243 1741 1273 1782 u.

171 1821 300 1880 arbitror
321 1830 483 1896 propterea
506 1823 589 1896 quod
612 1823 640 1878 in
659 1820 785 1880 Pacuuii
811 1823 914 1881 fabula
937 1823 986 1880 illa
1002 1823 1137 1880 Medeae
1152 1841 1273 1900 angues

152 1921 259 1980 alites
281 1923 412 1981 maxime
441 1925 559 1981 animos
583 1923 738 1982 hominurn
762 1925 867 1984 Lucilii
899 1934 1036 2002 tempore
1066 1926 1201 1984 mouisse
1229 1925 1274 1982 ui·

173 2023 283 2079 demus
306 2041 343 2079 ex
366 2021 429 2082 Cic.
453 2025 493 2081 de
516 2041 579 2099 rep.
600 2025 644 2082 III
670 2042 717 2098 14,
749 2028 801 2084 ubi
824 2025 940 2087 Philus:
978 2021 1081 2084 ‘Nunc
1114 2035 1218 2083 autern
1248 2025 1274 2083 si

171 2124 239 2197 quis
261 2124 313 2180 illo
336 2123 511 2182 Pacuuiano
534 2126 684 2184 inuehens
710 2128 814 2186 alitum
837 2128 980 2202 anguium
1005 2145 1091 2185 curru
1107 2126 1218 2184 multas
1241 2134 1274 2182 et

171 2225 272 2282 uarias
294 2227 394 2300 gentis
424 2235 455 2283 et
477 2227 566 2284 urbes
588 2228 749 2302 despicere
782 2237 815 2286 et
848 2229 943 2286 oculis
969 2231 1147 2287 collustrare
1165 2227 1273 2303 possit,

171 2326 278 2383 uideat
300 2323 439 2401 primum³
464 2348 492 2386 e.
504 2344 533 2402 q.
546 2346 569 2386 s
591 2327 640 2385 De
656 2329 813 2386 sententia
830 2329 910 2388 conf.
924 2331 1014 2388 Arist.
1037 2338 1119 2405 poet.
1144 2347 1210 2404 cap.
1228 2345 1273 2401 14.

274 2553 367 2610 Libro
389 2553 510 2611 XXVII
533 2572 584 2614 uu.
608 2553 680 2629 659.
703 2554 765 2612 ooo
787 2555 812 2612 L
839 2571 884 2615 12.
912 2568 946 2626 13
970 2553 1003 2612 M

257 2653 359 2712 Cocus
380 2673 443 2712 non
466 2665 552 2714 curat
568 2658 670 2715 cauda
692 2657 842 2731 insignem
862 2673 931 2713 esse
953 2655 1046 2713 ullam
1055 2653 1087 2728 ¹),
1111 2655 1183 2712 dum
1205 2653 1273 2729 pin·

1024 2759 1091 2832 guis
1114 2758 1186 2816 siet:

255 2858 305 2916 Sic
328 2859 417 2916 amici
438 2870 589 2934 quaerunt
611 2862 755 2930 animum,
777 2878 841 2918 rem
862 2859 987 2934 parasiti
1007 2876 1044 2916 ac
1070 2858 1171 2916 ditias.

170 2947 221 3014 Ad
253 2959 387 3016 eandem
411 2961 673 3033 comparationem
702 2961 825 3034 parasiti
856 2977 924 3017 cum
953 2958 1053 3016 amico
1086 2957 1185 3015 resero
1208 2959 1272 3016 libri

169 3057 288 3114 XXVII
311 3076 340 3117 u.
364 3057 425 3130 624
449 3059 474 3116 L
497 3074 536 3133 35
559 3059 591 3117 M
615 3059 667 3116 ubi
690 3061 783 3119 codd.

253 3160 307 3217 Ille
330 3170 436 3218 eontra
459 3163 561 3219 omnia
582 3163 662 3220 inter
675 3163 776 3237 plures
792 3161 905 3220 sensim
929 3169 960 3219 et
975 3160 1175 3235 pedetemtim
1198 3159 1270 3216 foris

253 3278 407 3336 nequem
431 3261 535 3320 laedat

169 3359 230 3418 Ubi
253 3363 327 3437 quid
348 3364 387 3420 sit
409 3369 509 3420 contra
532 3365 636 3433 omnia,
663 3383 726 3423 non
747 3365 854 3425 uideo:
889 3369 988 3422 contra
1010 3362 1191 3420 aduerbium
1214 3378 1270 3436 po-

171 3463 228 3520 tius
253 3472 310 3532 est,
333 3465 417 3547 quod
438 3465 572 3540 pertinet
594 3467 635 3523 ad
659 3467 720 3526 ille.
764 3466 871 3540 Itaque
894 3467 988 3521 omnia
1003 3472 1179 3538 corruptum
1203 3470 1267 3521 est:

169 3565 259 3623 deest
281 3573 441 3640 praeterea
464 3568 591 3624 uerbum
614 3569 717 3626 eundi.
762 3566 840 3624 Puto
863 3565 1011 3623 Lucilium
1031 3565 1205 3640 scripsisse:

255 3667 304 3723 ille
320 3676 427 3725 contra
443 3666 535 3724 homo
557 3668 648 3726 intrat
663 3668 766 3744 plures
785 3667 898 3724 sensim
914 3675 945 3723 et
960 3664 1182 3741 pedetemptim
1197 3661 1270 3719 soris

251 3786 291 3824 ne
312 3786 403 3843 quem
424 3769 530 3826 laedat

169 3878 199 3926 et
222 3870 374 3944 respicere
396 3869 525 3926 Diodori
548 3871 656 3930 comici
679 3873 722 3949 (3,
736 3885 796 3944 543
818 3865 927 3944 Mein.)
949 3885 1054 3926 uersus
1076 3868 1116 3925 de
1135 3865 1269 3941 parasito

169 3975 201 4051 (5
225 3977 305 4054 sqq.)
327 3995 366 4034 ex
389 3979 530 4054 Epiclero
554 3976 672 4040 fabula:

270 4151 289 4215 ¹)
308 4153 380 4203 Corr.
403 4153 530 4204 Ribbeck
550 4151 615 4201 baec
633 4155 715 4204 uerba
735 4155 761 4202 in
782 4155 852 4204 Mus.
870 4153 960 4203 Rhen.
980 4153 1083 4201 XXIX
1102 4167 1126 4216 p.
1150 4160 1207 4211 123.

1054 4253 1068 4302 3
