2980 4752
685 255 720 320 51·

160 437 324 510 exrpz'rauit
353 443 461 493 uocem
494 431 599 510 (codd.
632 435 767 510 expiauit
799 452 877 492 corr.
906 431 1071 510 Columna)
1108 452 1176 493 raro
1211 435 1255 494 sic

161 546 332 612 usurpatam
355 537 480 594 illustret
501 555 607 593 uersus
630 535 761 593 Lucretii
783 535 814 592 II
837 549 899 608 354

241 639 396 713 sanguinis
419 638 560 712 expirans
584 637 716 694 calidum
739 637 779 693 de
800 644 925 711 pectore
947 635 1070 695 flumen.

257 986 318 1046 Inc.
341 1007 369 1048 u.
397 986 471 1044 1181
498 989 506 1045 l
528 988 554 1045 L
573 1003 612 1061 43
635 988 668 1045 M
691 987 822 1046 debetur
843 988 971 1047 Dousae
996 985 1037 1046 sic
1059 987 1254 1046 constitutus:

859 1090 1002 1148 lactentia
1025 1088 1092 1148 Coa

242 1191 320 1248 clam
341 1207 409 1248 cum
433 1191 524 1248 melle
545 1189 607 1247 bibi

157 1290 259 1366 Caper
280 1291 338 1347 VII
358 1310 388 1366 p.
408 1291 448 1367 98
471 1285 556 1368 Keil)
583 1290 661 1350 haec
680 1292 789 1352 tradit:
827 1292 874 1367 (Μ
894 1294 962 1353 cod.
985 1292 1176 1367 Montepess.
1200 1289 1253 1350 BC

156 1392 248 1450 codd.
271 1391 444 1449 Bemenses
467 1406 487 1465 ς
509 1393 595 1452 editt.
619 1391 754 1468 ueteres)

194 1543 224 1590 M
252 1501 353 1603 lactegs
373 1541 419 1606 qui
437 1541 507 1591 lacte
527 1541 606 1591 alitur
626 1549 652 1591 et
670 1541 772 1591 lactans
792 1542 837 1606 qui
855 1542 950 1606 decipit
968 1541 1069 1592 lactens
1088 1515 1157 1592 lacte
1176 1543 1257 1592 abun·

158 1630 225 1679 dans
244 1636 272 1678 ut
290 1629 418 1680 lactentes
438 1631 503 1680 ficus
521 1630 640 1680 Lucilius
660 1630 783 1680 lactentia
809 1631 921 1694 coagula
939 1646 997 1680 cum
1016 1631 1096 1680 melle
1115 1631 1172 1680 bibi

195 1735 213 1780 ς
231 1717 333 1767 lacteus
359 1719 402 1782 qui
421 1718 489 1768 lacte
509 1719 586 1768 alitur
605 1719 705 1769 lactans
726 1720 772 1784 qui
791 1719 888 1784 decipit
910 1718 1010 1768 lactans
1023 1721 1069 1785 qui
1087 1720 1157 1769 lacte
1177 1720 1257 1769 abun·

158 1807 205 1856 dat
224 1813 253 1855 ut
272 1803 393 1856 lactantis
413 1807 477 1856 licus
502 1805 621 1856 Lucilius
641 1805 766 1856 lactantia
785 1805 873 1856 coacla
894 1823 952 1856 curn
971 1807 1051 1856 melle
1069 1807 1127 1857 bibi

196 1896 216 1943 C
241 1895 344 1944 lactens
358 1902 398 1944 est
410 1895 456 1959 qui
467 1895 536 1945 lacte
556 1895 633 1945 alitur
651 1895 752 1944 lactans
771 1896 817 1959 qui
836 1895 934 1960 decipit
951 1895 1051 1944 lacteus
1070 1895 1139 1946 lacte
1157 1897 1257 1948 habun-

160 2035 225 2084 dans
244 2035 320 2084 uelut
337 1995 465 2084 lactentgs
484 1995 547 2084 ficds
566 2035 685 2084 Lucilius
705 2037 751 2086 dic*
767 2036 891 2086 lactentia
910 2036 1022 2098 coagula
1041 2051 1100 2084 curn
1118 2035 1198 2085 melle

195 2125 218 2172 B
249 2122 352 2172 lactens
364 2129 404 2172 est
416 2124 461 2188 qui
473 2124 541 2173 lacte
555 2125 632 2173 alitur
651 2123 751 2174 lactans
770 2125 815 2190 qui
835 2123 934 2188 decipit
951 2121 1050 2171 lacteus
1069 2122 1138 2172 lacte
1157 2123 1258 2172 habun-

158 2213 227 2261 dans
246 2210 320 2261 uelut
339 2210 482 2261 lactenteas
500 2212 565 2261 ficus
588 2213 705 2263 Lucilius
725 2213 788 2262 dicit
806 2211 944 2261 Lactentia
962 2210 1072 2273 coagula
1091 2226 1150 2260 curn
1168 2211 1249 2261 melle

159 2311 208 2368 Ex
230 2311 288 2367 hoc
310 2311 418 2367 ordine
448 2319 576 2385 apparet
605 2313 715 2387 duplici
749 2329 806 2368 nos
837 2311 881 2367 uti
910 2310 1096 2369 traditione:
1130 2312 1258 2368 alteram

159 2412 284 2469 exhibet
298 2412 332 2470 M
354 2413 437 2469 unde
457 2413 553 2469 editio
569 2421 657 2469 uetus
679 2415 777 2470 minus
793 2413 953 2485 diligenter
966 2412 1108 2478 deducta,
1131 2411 1258 2468 alteram

159 2512 185 2570 C
208 2513 332 2570 undeB
356 2521 462 2588 aperte
485 2515 610 2588 pendet,
644 2514 695 2589 qui
716 2514 791 2571 illius
815 2520 1002 2570 correcturas
1024 2511 1116 2569 falsas
1140 2520 1256 2570 temere

158 2615 365 2689 descripserit.
400 2615 590 2691 Archetypus
612 2616 690 2674 haec
711 2616 893 2691 praebuerat
915 2633 985 2671 mea
1008 2614 1172 2673 sententia:
1292 2605 1295 2612 ¹

247 2716 364 2773 lactens
378 2717 490 2792 estqui
503 2717 581 2773 lacte
596 2718 682 2774 alitur
694 2718 811 2774 lactans
834 2716 884 2791 qui
906 2715 1019 2790 decipit
1040 2715 1157 2772 lactens
1179 2715 1258 2773 lacte

244 2819 403 2894 abundans
422 2819 504 2875 uelut
528 2818 678 2875 lactentes
701 2819 775 2875 ficos
794 2817 923 2875 Lucilius
947 2816 1029 2892 dicit,
1053 2815 1195 2872 lactentia

244 2919 372 2994 coagula
393 2936 460 2975 cum
481 2918 572 2974 melle
593 2918 656 2975 bibi
679 2963 685 2977 .
710 2965 716 2977 .
740 2961 745 2975 .

245 3019 312 3077 Alia
334 3018 402 3075 Keil
426 3019 443 3074 l.
467 3019 485 3076 l.
508 3018 630 3074 molitur
645 3013 676 3092 ¹).

160 3121 252 3178 Patet
272 3120 369 3178 coacla
396 3128 428 3176 et
454 3120 567 3176 lactans
596 3119 652 3194 qui
681 3118 754 3175 lacte
787 3116 919 3173 abundat
950 3125 1001 3174 aut
1035 3120 1176 3192 corrupta
1205 3126 1259 3175 aut

263 3393 281 3455 ¹)
299 3392 365 3442 Keil
393 3393 475 3442 uerba
503 3397 631 3444 lactentes
653 3395 728 3460 ficus
758 3399 892 3458 comparat
917 3407 976 3441 cum
994 3390 1074 3440 Ennil
1091 3405 1169 3441 uersu
1196 3389 1262 3457 ‘fici

160 3480 305 3529 dulciferae
328 3484 460 3532 lactantes
486 3483 568 3532 ubere
594 3481 660 3532 toto’
693 3497 733 3546 ap.
758 3481 858 3530 Charis.
883 3482 896 3528 Ι
919 3496 944 3545 p.
968 3479 1026 3544 128,
1045 3490 1075 3540 31
1108 3479 1205 3541 (annal.
1232 3495 1257 3528 u.

161 3580 192 3632 71
214 3568 273 3630 Vl:
293 3569 341 3618 sed
360 3573 493 3620 lactantes
511 3571 549 3619 ibi
567 3571 673 3634 legitur,
692 3570 737 3618 hic
756 3575 845 3634 aperte
865 3571 1002 3624 lactentes,
1022 3567 1190 3628 nequeenim
1204 3567 1258 3614 edi·

160 3657 259 3705 tionum
284 3655 427 3708 lectionem
445 3658 525 3708 ullius
549 3661 628 3725 pretii
649 3675 707 3709 esse
730 3658 780 3707 hoc
802 3657 862 3706 loco
886 3662 958 3722 puto.
995 3654 1077 3720 Apud
1096 3654 1176 3704 Ouid.
1200 3655 1259 3704 last.

159 3746 253 3808 11203
274 3745 348 3796 ‘dum
367 3746 468 3797 lactens
486 3747 607 3798 haerebit
623 3748 650 3796 in
671 3747 765 3797 arbore
784 3744 863 3795 ficus’
881 3745 909 3793 in
926 3744 1009 3793 uerbo
1029 3745 1133 3792 lactens
1152 3742 1259 3792 codices

160 3833 294 3884 fluctuant.

260 3923 377 3977 Possunt
396 3925 501 3990 quidem
519 3925 584 3975 licus
596 3924 648 3974 dici
667 3933 692 3975 et
706 3927 834 3974 lactentes
845 3929 871 3971 et
886 3925 1031 3972 lactantes:
1052 3919 1100 3968 sed
1120 3916 1189 3968 illud
1207 3909 1265 3966 non

160 4010 269 4059 uidetur
287 4013 336 4060 nisi
355 4013 388 4062 ad
406 4012 446 4062 lac
465 4014 567 4063 ficubus
588 4013 720 4078 proprium
739 4011 866 4074 (Macrob.
887 4011 985 4076 11120,
1006 4009 1030 4072 5)
1049 4007 1189 4074 pertinere,
1208 4005 1260 4054 boc

162 4097 240 4146 simul
260 4097 323 4148 ficus
342 4116 400 4150 cum
419 4101 546 4151 uberibus
566 4100 686 4150 lactantis
705 4100 818 4149 feminae
837 4100 922 4162 (Lucr.
943 4098 968 4147 V
989 4097 1049 4161 885)
1078 4103 1260 4161 comparantur

162 4193 191 4236 ut
209 4185 236 4234 in
254 4186 334 4236 Ennii
352 4188 399 4238 illo
416 4206 502 4240 uersu.
