2980 4752
723 227 761 304 ⁶7

276 411 365 468 Hunc
389 431 490 489 neque
512 415 578 471 dira
602 431 723 472 uenena
743 433 801 470 nec
823 414 961 472 hosticus
986 415 1105 473 auferet
1130 415 1222 482 ensis,

276 531 332 570 nec
351 514 479 572 laterum
501 516 589 572 dolor
610 522 664 573 aut
686 516 787 584 tussis,
811 533 870 581 nec
892 516 981 573 tarda
1002 517 1152 591 podagra,

274 615 409 689 garrulus
432 615 512 673 hunc
533 617 658 691 quando
681 625 840 674 consumet
863 633 1003 692 cumque.

187 713 280 772 Conf.
304 716 459 776 Semonid.
485 736 533 792 ap.
557 717 642 775 Stob.
665 717 730 776 flor.
751 717 802 790 98,
830 720 865 777 16
891 718 997 777 Sotad.
1021 717 1029 773 l
1062 716 1080 774 l.
1103 735 1131 792 9,
1154 717 1289 792 inprimis

186 816 317 875 Lucian.
351 819 414 875 Iou.
447 827 523 893 trag.
549 833 587 890 ²5
617 813 735 878 ΖΕΥΣ.
764 814 907 894 Παίζεις,
936 812 1150 878 ὠΠόσειοον
1188 814 1207 891 ἢ
1262 814 1291 878 έ-

185 917 267 978 λεον
298 915 483 993 ἐπιλέλησαι
512 916 557 995 ὡς
581 915 678 980 οὐδὲν
711 917 763 995 ἐφ’
797 915 872 994 ἡμῖν
903 919 970 980 τῶν
1004 916 1159 981 τοιούτων
1191 914 1288 994 ἐστίν,

187 1013 261 1078 ἀλλ’
285 1015 315 1079 αἱ
339 1019 445 1094 μοῖραι
475 1015 601 1100 ἑκάστῳ
633 1017 855 1096 ἐπικλώθουσι,
890 1017 947 1081 τὸν
979 1018 1036 1095 μὲν
1057 1022 1210 1101 κεραυνῷ,
1234 1017 1292 1081 τὸν

187 1117 228 1178 δὲ
251 1121 376 1199 πυρετῷ
402 1115 421 1192 ἢ
455 1117 541 1200 φθόῃ
565 1115 748 1181 ἀποθανεῖν,
794 1120 953 1178 Postremo
989 1122 1075 1197 quod
1107 1137 1199 1195 supra
1229 1119 1292 1177 dixi

187 1227 317 1294 poetam
346 1220 412 1277 sine
435 1221 529 1278 dubio
557 1222 685 1280 multum
715 1223 746 1279 in
768 1222 846 1297 Lupi
877 1239 991 1280 nomen
1012 1222 1119 1279 lusisse
1148 1222 1179 1277 in
1210 1220 1291 1278 hunc

187 1338 312 1378 uersum
340 1330 445 1396 aperte
467 1323 558 1383 cadit.
603 1324 708 1399 Lupus
732 1325 814 1381 enim
837 1324 928 1398 piscis
952 1323 1008 1380 fuit
1031 1322 1136 1379 Lucilii
1151 1331 1290 1397 tempore

187 1423 394 1480 nobilissimus
426 1433 458 1480 et
486 1425 637 1500 pretiosus
661 1436 693 1482 et
715 1425 854 1499 grandis:
903 1441 994 1502 quem
1016 1442 1084 1480 cum
1115 1422 1248 1482 clamitet
1270 1440 1289 1479 a

187 1523 298 1580 uilibus
320 1534 353 1581 et
373 1526 486 1600 pusillis
508 1527 645 1599 saperdis
668 1525 766 1582 occidi
790 1526 893 1600 lepide
917 1525 1041 1599 ancipiti
1067 1522 1290 1599 significatione

185 1624 351 1680 uerborum
377 1624 501 1680 iocatur.
