<?xml version="1.0" encoding="UTF-8"?>
<!DOCTYPE html PUBLIC "-//W3C//DTD XHTML 1.0 Transitional//EN"
    "http://www.w3.org/TR/xhtml1/DTD/xhtml1-transitional.dtd">
<html xmlns="http://www.w3.org/1999/xhtml" xml:lang="en" lang="en">
 <head>
  <title>
</title>
<meta http-equiv="Content-Type" content="text/html;charset=utf-8" />
  <meta name='ocr-system' content='tesseract 3.04.00' />
  <meta name='ocr-capabilities' content='ocr_page ocr_carea ocr_par ocr_line ocrx_word'/>
</head>
<body>
  <div class='ocr_page' id='page_1' title='image "./studialuciliana00marxgoog_0026.png"; bbox 0 0 2998 4744; ppageno 0'>
   <div class='ocr_carea' id='block_1_1' title="bbox 724 251 758 312">
    <p class='ocr_par' dir='ltr' id='par_1_1' title="bbox 724 251 758 312">
     <span class='ocr_line' id='line_1_1' title="bbox 724 251 758 312; baseline 0 0"><span class='ocrx_word' id='word_1_1' title='bbox 724 251 758 312; x_wconf 72' lang='lat' dir='ltr'>ts</span> 
     </span>
    </p>
   </div>
   <div class='ocr_carea' id='block_1_2' title="bbox 183 418 1290 2234">
    <p class='ocr_par' dir='ltr' id='par_1_2' title="bbox 183 418 1290 2234">
     <span class='ocr_line' id='line_1_2' title="bbox 185 418 1289 504; baseline -0.001 -19"><span class='ocrx_word' id='word_1_2' title='bbox 185 425 327 504; x_wconf 87' lang='lat' dir='ltr'>posuisse</span> <span class='ocrx_word' id='word_1_3' title='bbox 349 423 486 484; x_wconf 87' lang='lat' dir='ltr'>Graecos</span> <span class='ocrx_word' id='word_1_4' title='bbox 509 422 645 493; x_wconf 87' lang='lat' dir='ltr'>arbitror,</span> <span class='ocrx_word' id='word_1_5' title='bbox 669 424 741 482; x_wconf 92' lang='lat' dir='ltr'>dum</span> <span class='ocrx_word' id='word_1_6' title='bbox 762 424 887 483; x_wconf 90' lang='lat' dir='ltr'>nomina</span> <span class='ocrx_word' id='word_1_7' title='bbox 909 423 1009 500; x_wconf 89' lang='lat' dir='ltr'>qualia</span> <span class='ocrx_word' id='word_1_8' title='bbox 1032 433 1102 484; x_wconf 88' lang='lat' dir='ltr'>sunt</span> <span class='ocrx_word' id='word_1_9' title='bbox 1123 418 1142 484; x_wconf 86' lang='grc' dir='ltr'>ὁ</span> <span class='ocrx_word' id='word_1_10' title='bbox 1164 419 1289 499; x_wconf 82' lang='grc' dir='ltr'>κλεινός</span> 
     </span>
     <span class='ocr_line' id='line_1_3' title="bbox 185 522 1289 606; baseline -0.003 -19"><span class='ocrx_word' id='word_1_11' title='bbox 185 529 235 587; x_wconf 91' lang='lat' dir='ltr'>uel</span> <span class='ocrx_word' id='word_1_12' title='bbox 269 523 288 589; x_wconf 86' lang='grc' dir='ltr'>ὁ</span> <span class='ocrx_word' id='word_1_13' title='bbox 316 522 408 602; x_wconf 81' lang='grc' dir='ltr'>ἀὶτης</span> <span class='ocrx_word' id='word_1_14' title='bbox 440 527 489 584; x_wconf 93' lang='lat' dir='ltr'>uel</span> <span class='ocrx_word' id='word_1_15' title='bbox 522 527 595 585; x_wconf 90' lang='lat' dir='ltr'>illud</span> <span class='ocrx_word' id='word_1_16' title='bbox 626 525 725 603; x_wconf 90' lang='lat' dir='ltr'>ipsum</span> <span class='ocrx_word' id='word_1_17' title='bbox 757 522 898 602; x_wconf 87' lang='grc' dir='ltr'>ὁκαλός</span> <span class='ocrx_word' id='word_1_18' title='bbox 931 528 1092 585; x_wconf 90' lang='lat' dir='ltr'>considero</span> <span class='ocrx_word' id='word_1_19' title='bbox 1102 522 1135 606; x_wconf 88' lang='lat'>¹).</span> <span class='ocrx_word' id='word_1_20' title='bbox 1180 526 1289 602; x_wconf 83' lang='lat' dir='ltr'>Neque</span> 
     </span>
     <span class='ocr_line' id='line_1_4' title="bbox 185 629 1288 704; baseline -0.002 -16"><span class='ocrx_word' id='word_1_21' title='bbox 185 640 291 688; x_wconf 90' lang='lat' dir='ltr'>tamen</span> <span class='ocrx_word' id='word_1_22' title='bbox 313 647 350 686; x_wconf 89' lang='lat' dir='ltr'>ea</span> <span class='ocrx_word' id='word_1_23' title='bbox 372 629 474 686; x_wconf 90' lang='lat' dir='ltr'>omnia</span> <span class='ocrx_word' id='word_1_24' title='bbox 497 629 573 686; x_wconf 91' lang='lat' dir='ltr'>tanti</span> <span class='ocrx_word' id='word_1_25' title='bbox 601 629 743 686; x_wconf 85' lang='lat' dir='ltr'><strong>ducerem</strong></span> <span class='ocrx_word' id='word_1_26' title='bbox 762 636 796 685; x_wconf 87' lang='lat' dir='ltr'>ut</span> <span class='ocrx_word' id='word_1_27' title='bbox 817 646 926 686; x_wconf 90' lang='lat' dir='ltr'>uocem</span> <span class='ocrx_word' id='word_1_28' title='bbox 945 631 1113 704; x_wconf 79' lang='lat' dir='ltr'>pareclaloi</span> <span class='ocrx_word' id='word_1_29' title='bbox 1138 629 1170 686; x_wconf 92' lang='lat' dir='ltr'>iu</span> <span class='ocrx_word' id='word_1_30' title='bbox 1193 629 1288 704; x_wconf 91' lang='lat' dir='ltr'>suspi-</span> 
     </span>
     <span class='ocr_line' id='line_1_5' title="bbox 189 729 1289 806; baseline -0.003 -17"><span class='ocrx_word' id='word_1_31' title='bbox 189 733 309 789; x_wconf 83' lang='lat' dir='ltr'>cionem</span> <span class='ocrx_word' id='word_1_32' title='bbox 330 747 482 800; x_wconf 87' lang='lat' dir='ltr'>uocarem‚</span> <span class='ocrx_word' id='word_1_33' title='bbox 503 730 560 787; x_wconf 94' lang='lat' dir='ltr'>nisi</span> <span class='ocrx_word' id='word_1_34' title='bbox 595 730 626 786; x_wconf 91' lang='lat' dir='ltr'>in</span> <span class='ocrx_word' id='word_1_35' title='bbox 648 729 753 787; x_wconf 87' lang='lat' dir='ltr'>Lucilii</span> <span class='ocrx_word' id='word_1_36' title='bbox 781 729 877 787; x_wconf 89' lang='lat' dir='ltr'>altero</span> <span class='ocrx_word' id='word_1_37' title='bbox 900 729 1073 806; x_wconf 88' lang='lat' dir='ltr'>fragmento</span> <span class='ocrx_word' id='word_1_38' title='bbox 1096 730 1182 788; x_wconf 90' lang='lat' dir='ltr'>simul</span> <span class='ocrx_word' id='word_1_39' title='bbox 1205 739 1236 788; x_wconf 83' lang='lat' dir='ltr'>et</span> <span class='ocrx_word' id='word_1_40' title='bbox 1257 730 1289 786; x_wconf 92' lang='lat' dir='ltr'>iu</span> 
     </span>
     <span class='ocr_line' id='line_1_6' title="bbox 187 830 1288 906; baseline 0 -17"><span class='ocrx_word' id='word_1_41' title='bbox 187 831 334 890; x_wconf 88' lang='lat' dir='ltr'>Uarronis</span> <span class='ocrx_word' id='word_1_42' title='bbox 354 831 454 889; x_wconf 90' lang='lat' dir='ltr'>uerbis</span> <span class='ocrx_word' id='word_1_43' title='bbox 478 831 508 888; x_wconf 92' lang='lat' dir='ltr'>in</span> <span class='ocrx_word' id='word_1_44' title='bbox 531 830 636 888; x_wconf 89' lang='lat' dir='ltr'>codice</span> <span class='ocrx_word' id='word_1_45' title='bbox 651 830 676 889; x_wconf 94' lang='lat' dir='ltr'>L</span> <span class='ocrx_word' id='word_1_46' title='bbox 693 847 704 888; x_wconf 92' lang='lat'>1</span> <span class='ocrx_word' id='word_1_47' title='bbox 730 831 797 906; x_wconf 93' lang='lat' dir='ltr'>ipsa</span> <span class='ocrx_word' id='word_1_48' title='bbox 818 839 953 888; x_wconf 86' lang='lat' dir='ltr'>correcta</span> <span class='ocrx_word' id='word_1_49' title='bbox 975 839 1059 889; x_wconf 91' lang='lat' dir='ltr'>esset</span> <span class='ocrx_word' id='word_1_50' title='bbox 1072 849 1164 889; x_wconf 90' lang='lat' dir='ltr'>manu</span> <span class='ocrx_word' id='word_1_51' title='bbox 1179 830 1288 889; x_wconf 89' lang='lat' dir='ltr'>altera:</span> 
     </span>
     <span class='ocr_line' id='line_1_7' title="bbox 185 932 1289 1007; baseline -0.002 -16"><span class='ocrx_word' id='word_1_52' title='bbox 185 941 375 991; x_wconf 84' lang='lat' dir='ltr'>correcturae</span> <span class='ocrx_word' id='word_1_53' title='bbox 397 951 471 991; x_wconf 88' lang='lat' dir='ltr'>uero</span> <span class='ocrx_word' id='word_1_54' title='bbox 493 933 606 990; x_wconf 91' lang='lat' dir='ltr'>codicis</span> <span class='ocrx_word' id='word_1_55' title='bbox 629 932 683 990; x_wconf 90' lang='lat' dir='ltr'>L1</span> <span class='ocrx_word' id='word_1_56' title='bbox 711 933 816 1007; x_wconf 90' lang='lat' dir='ltr'>quanti</span> <span class='ocrx_word' id='word_1_57' title='bbox 838 932 997 990; x_wconf 84' lang='lat' dir='ltr'>faciendae</span> <span class='ocrx_word' id='word_1_58' title='bbox 1020 933 1091 1002; x_wconf 88' lang='lat' dir='ltr'>sint,</span> <span class='ocrx_word' id='word_1_59' title='bbox 1118 933 1214 990; x_wconf 87' lang='lat' dir='ltr'>sciunt</span> <span class='ocrx_word' id='word_1_60' title='bbox 1237 950 1289 1007; x_wconf 93' lang='lat' dir='ltr'>ap-</span> 
     </span>
     <span class='ocr_line' id='line_1_8' title="bbox 184 1028 1289 1111; baseline 0 -19"><span class='ocrx_word' id='word_1_61' title='bbox 184 1042 308 1111; x_wconf 91' lang='lat' dir='ltr'>paratus</span> <span class='ocrx_word' id='word_1_62' title='bbox 330 1035 420 1092; x_wconf 90' lang='lat' dir='ltr'>critici</span> <span class='ocrx_word' id='word_1_63' title='bbox 442 1033 574 1091; x_wconf 87' lang='lat' dir='ltr'>Noniani</span> <span class='ocrx_word' id='word_1_64' title='bbox 594 1034 680 1110; x_wconf 88' lang='lat' dir='ltr'>periti</span> <span class='ocrx_word' id='word_1_65' title='bbox 704 1028 846 1110; x_wconf 85' lang='lat' dir='ltr'><strong>(Mueller</strong></span> <span class='ocrx_word' id='word_1_66' title='bbox 867 1034 940 1094; x_wconf 90' lang='lat' dir='ltr'>edit.</span> <span class='ocrx_word' id='word_1_67' title='bbox 962 1035 1056 1111; x_wconf 87' lang='lat' dir='ltr'>prael.</span> <span class='ocrx_word' id='word_1_68' title='bbox 1079 1053 1107 1110; x_wconf 90' lang='lat' dir='ltr'>p.</span> <span class='ocrx_word' id='word_1_69' title='bbox 1134 1028 1289 1106; x_wconf 89' lang='lat' dir='ltr'><strong>XXXIV).</strong></span> 
     </span>
     <span class='ocr_line' id='line_1_9' title="bbox 185 1130 1288 1210; baseline -0.002 -17"><span class='ocrx_word' id='word_1_70' title='bbox 185 1135 335 1193; x_wconf 86' lang='lat' dir='ltr'>Secuntur</span> <span class='ocrx_word' id='word_1_71' title='bbox 354 1136 434 1192; x_wconf 88' lang='lat' dir='ltr'>enim</span> <span class='ocrx_word' id='word_1_72' title='bbox 457 1134 561 1193; x_wconf 90' lang='lat' dir='ltr'>Lucilii</span> <span class='ocrx_word' id='word_1_73' title='bbox 581 1152 703 1192; x_wconf 90' lang='lat' dir='ltr'>uersum</span> <span class='ocrx_word' id='word_1_74' title='bbox 738 1135 983 1210; x_wconf 89' lang='lat' dir='ltr'>suprapositum</span> <span class='ocrx_word' id='word_1_75' title='bbox 1005 1135 1095 1194; x_wconf 87' lang='lat' dir='ltr'>haec:</span> <span class='ocrx_word' id='word_1_76' title='bbox 1122 1130 1224 1192; x_wconf 91' lang='lat' dir='ltr'>‘idern</span> <span class='ocrx_word' id='word_1_77' title='bbox 1244 1134 1288 1191; x_wconf 90' lang='lat' dir='ltr'>ui-</span> 
     </span>
     <span class='ocr_line' id='line_1_10' title="bbox 184 1236 1287 1313; baseline 0 -19"><span class='ocrx_word' id='word_1_78' title='bbox 184 1237 299 1294; x_wconf 90' lang='lat' dir='ltr'>cesimo</span> <span class='ocrx_word' id='word_1_79' title='bbox 331 1245 415 1294; x_wconf 86' lang='lat' dir='ltr'>tuum</span> <span class='ocrx_word' id='word_1_80' title='bbox 449 1236 603 1313; x_wconf 87' lang='lat' dir='ltr'>ephebum</span> <span class='ocrx_word' id='word_1_81' title='bbox 636 1238 793 1313; x_wconf 87' lang='lat' dir='ltr'>quendam</span> <span class='ocrx_word' id='word_1_82' title='bbox 825 1253 916 1312; x_wconf 90' lang='lat' dir='ltr'>quem</span> <span class='ocrx_word' id='word_1_83' title='bbox 949 1245 1063 1294; x_wconf 93' lang='lat' dir='ltr'>uocant</span> <span class='ocrx_word' id='word_1_84' title='bbox 1095 1244 1287 1312; x_wconf 88' lang='lat' dir='ltr'>parectaton.</span> 
     </span>
     <span class='ocr_line' id='line_1_11' title="bbox 183 1337 1288 1414; baseline -0.001 -19"><span class='ocrx_word' id='word_1_85' title='bbox 183 1337 282 1396; x_wconf 86' lang='lat' dir='ltr'>Uarro</span> <span class='ocrx_word' id='word_1_86' title='bbox 304 1339 345 1396; x_wconf 93' lang='lat' dir='ltr'>de</span> <span class='ocrx_word' id='word_1_87' title='bbox 368 1339 592 1414; x_wconf 88' lang='lat' dir='ltr'>compositione</span> <span class='ocrx_word' id='word_1_88' title='bbox 620 1347 806 1398; x_wconf 90' lang='lat' dir='ltr'>saturarum:</span> <span class='ocrx_word' id='word_1_89' title='bbox 838 1347 1016 1414; x_wconf 88' lang='lat' dir='ltr'>parectatae</span> <span class='ocrx_word' id='word_1_90' title='bbox 1038 1340 1150 1396; x_wconf 90' lang='lat' dir='ltr'>adsunt</span> <span class='ocrx_word' id='word_1_91' title='bbox 1170 1337 1288 1395; x_wconf 89' lang='lat' dir='ltr'>mulier·</span> 
     </span>
     <span class='ocr_line' id='line_1_12' title="bbox 188 1433 1289 1516; baseline -0.003 -17"><span class='ocrx_word' id='word_1_92' title='bbox 188 1457 249 1515; x_wconf 90' lang='lat' dir='ltr'>que</span> <span class='ocrx_word' id='word_1_93' title='bbox 271 1441 379 1498; x_wconf 90' lang='lat' dir='ltr'>mulier</span> <span class='ocrx_word' id='word_1_94' title='bbox 398 1437 505 1497; x_wconf 87' lang='lat' dir='ltr'>Uenus</span> <span class='ocrx_word' id='word_1_95' title='bbox 527 1433 641 1516; x_wconf 87' lang='lat' dir='ltr'>caput&#39;.</span> <span class='ocrx_word' id='word_1_96' title='bbox 685 1439 720 1496; x_wconf 93' lang='lat' dir='ltr'>In</span> <span class='ocrx_word' id='word_1_97' title='bbox 742 1441 850 1514; x_wconf 93' lang='lat' dir='ltr'>quibus</span> <span class='ocrx_word' id='word_1_98' title='bbox 879 1441 1016 1498; x_wconf 90' lang='lat' dir='ltr'>uersibus</span> <span class='ocrx_word' id='word_1_99' title='bbox 1047 1458 1116 1498; x_wconf 90' lang='lat' dir='ltr'>cum</span> <span class='ocrx_word' id='word_1_100' title='bbox 1147 1440 1289 1514; x_wconf 88' lang='lat' dir='ltr'>scriptum</span> 
     </span>
     <span class='ocr_line' id='line_1_13' title="bbox 186 1541 1289 1616; baseline -0.005 -16"><span class='ocrx_word' id='word_1_101' title='bbox 186 1542 275 1600; x_wconf 87' lang='lat' dir='ltr'>sitin</span> <span class='ocrx_word' id='word_1_102' title='bbox 297 1542 403 1600; x_wconf 92' lang='lat' dir='ltr'>codice</span> <span class='ocrx_word' id='word_1_103' title='bbox 426 1541 452 1599; x_wconf 92' lang='lat' dir='ltr'>L</span> <span class='ocrx_word' id='word_1_104' title='bbox 478 1557 489 1598; x_wconf 91' lang='lat'>1</span> <span class='ocrx_word' id='word_1_105' title='bbox 518 1558 612 1598; x_wconf 89' lang='lat' dir='ltr'>manu</span> <span class='ocrx_word' id='word_1_106' title='bbox 634 1541 732 1616; x_wconf 89' lang='lat' dir='ltr'>prirna</span> <span class='ocrx_word' id='word_1_107' title='bbox 758 1547 953 1616; x_wconf 81' lang='lat' dir='ltr'>praeutacton</span> <span class='ocrx_word' id='word_1_108' title='bbox 980 1550 1071 1616; x_wconf 90' lang='lat' dir='ltr'>atque</span> <span class='ocrx_word' id='word_1_109' title='bbox 1087 1546 1289 1616; x_wconf 80' lang='lat' dir='ltr'>praeutactae,</span> 
     </span>
     <span class='ocr_line' id='line_1_14' title="bbox 188 1641 1287 1728; baseline -0.002 -28"><span class='ocrx_word' id='word_1_110' title='bbox 188 1651 296 1717; x_wconf 89' lang='lat' dir='ltr'>postea</span> <span class='ocrx_word' id='word_1_111' title='bbox 318 1650 487 1702; x_wconf 90' lang='lat' dir='ltr'>correctum</span> <span class='ocrx_word' id='word_1_112' title='bbox 508 1662 547 1700; x_wconf 87' lang='lat' dir='ltr'>ex</span> <span class='ocrx_word' id='word_1_113' title='bbox 569 1643 721 1728; x_wconf 85' lang='lat' dir='ltr'>lemmate,</span> <span class='ocrx_word' id='word_1_114' title='bbox 743 1643 879 1701; x_wconf 90' lang='lat' dir='ltr'>adhibita</span> <span class='ocrx_word' id='word_1_115' title='bbox 902 1643 1014 1700; x_wconf 92' lang='lat' dir='ltr'>codicis</span> <span class='ocrx_word' id='word_1_116' title='bbox 1036 1642 1062 1700; x_wconf 95' lang='lat' dir='ltr'>L</span> <span class='ocrx_word' id='word_1_117' title='bbox 1086 1657 1102 1698; x_wconf 91' lang='lat'><strong>2</strong></span> <span class='ocrx_word' id='word_1_118' title='bbox 1137 1641 1287 1699; x_wconf 88' lang='lat' dir='ltr'>lemmatis</span> 
     </span>
     <span class='ocr_line' id='line_1_15' title="bbox 189 1742 1289 1819; baseline -0.004 -18"><span class='ocrx_word' id='word_1_119' title='bbox 189 1745 334 1819; x_wconf 87' lang='lat' dir='ltr'>scriptura</span> <span class='ocrx_word' id='word_1_120' title='bbox 349 1750 508 1819; x_wconf 77' lang='lat' dir='ltr'>paracleto</span> <span class='ocrx_word' id='word_1_121' title='bbox 528 1745 570 1816; x_wconf 78' lang='lat' dir='ltr'>hi,</span> <span class='ocrx_word' id='word_1_122' title='bbox 590 1745 725 1802; x_wconf 90' lang='lat' dir='ltr'>elicimus</span> <span class='ocrx_word' id='word_1_123' title='bbox 748 1744 912 1819; x_wconf 86' lang='lat' dir='ltr'>genuinam</span> <span class='ocrx_word' id='word_1_124' title='bbox 933 1745 1095 1802; x_wconf 86' lang='lat' dir='ltr'>lectionem</span> <span class='ocrx_word' id='word_1_125' title='bbox 1111 1742 1289 1816; x_wconf 79' lang='lat' dir='ltr'>paralactoi,</span> 
     </span>
     <span class='ocr_line' id='line_1_16' title="bbox 187 1844 1290 1922; baseline -0.005 -18"><span class='ocrx_word' id='word_1_126' title='bbox 187 1864 278 1921; x_wconf 91' lang='lat' dir='ltr'>quam</span> <span class='ocrx_word' id='word_1_127' title='bbox 308 1864 347 1903; x_wconf 87' lang='lat' dir='ltr'>ex</span> <span class='ocrx_word' id='word_1_128' title='bbox 370 1846 559 1904; x_wconf 89' lang='lat' dir='ltr'>Graecorum</span> <span class='ocrx_word' id='word_1_129' title='bbox 591 1847 709 1922; x_wconf 86' lang='lat' dir='ltr'>legibus</span> <span class='ocrx_word' id='word_1_130' title='bbox 740 1855 773 1903; x_wconf 92' lang='lat' dir='ltr'>et</span> <span class='ocrx_word' id='word_1_131' title='bbox 804 1846 947 1910; x_wconf 89' lang='lat' dir='ltr'>moribus.</span> <span class='ocrx_word' id='word_1_132' title='bbox 982 1846 1091 1920; x_wconf 92' lang='lat' dir='ltr'>quibus</span> <span class='ocrx_word' id='word_1_133' title='bbox 1123 1844 1290 1901; x_wconf 88' lang='lat' dir='ltr'>utebantur</span> 
     </span>
     <span class='ocr_line' id='line_1_17' title="bbox 186 1945 1290 2024; baseline -0.003 -21"><span class='ocrx_word' id='word_1_134' title='bbox 186 1946 297 2021; x_wconf 89' lang='lat' dir='ltr'>ephebi</span> <span class='ocrx_word' id='word_1_135' title='bbox 324 1948 448 2023; x_wconf 86' lang='lat' dir='ltr'>egregie</span> <span class='ocrx_word' id='word_1_136' title='bbox 469 1965 632 2024; x_wconf 89' lang='lat' dir='ltr'>possumus</span> <span class='ocrx_word' id='word_1_137' title='bbox 665 1947 864 2023; x_wconf 88' lang='lat' dir='ltr'>interpretari.</span> <span class='ocrx_word' id='word_1_138' title='bbox 908 1945 1040 2004; x_wconf 91' lang='lat' dir='ltr'>Uersum</span> <span class='ocrx_word' id='word_1_139' title='bbox 1059 1945 1165 2004; x_wconf 92' lang='lat' dir='ltr'>Lucilii</span> <span class='ocrx_word' id='word_1_140' title='bbox 1196 1952 1290 2002; x_wconf 86' lang='lat' dir='ltr'>antea</span> 
     </span>
     <span class='ocr_line' id='line_1_18' title="bbox 186 2045 1289 2124; baseline -0.004 -19"><span class='ocrx_word' id='word_1_141' title='bbox 186 2064 279 2123; x_wconf 90' lang='lat' dir='ltr'>quam</span> <span class='ocrx_word' id='word_1_142' title='bbox 301 2051 341 2106; x_wconf 89' lang='lat' dir='ltr'>de</span> <span class='ocrx_word' id='word_1_143' title='bbox 362 2049 422 2106; x_wconf 92' lang='lat' dir='ltr'>isto</span> <span class='ocrx_word' id='word_1_144' title='bbox 451 2049 601 2107; x_wconf 89' lang='lat' dir='ltr'>uocabulo</span> <span class='ocrx_word' id='word_1_145' title='bbox 631 2045 830 2124; x_wconf 86' lang='grc' dir='ltr'>παράτακτοι</span> <span class='ocrx_word' id='word_1_146' title='bbox 861 2048 1011 2124; x_wconf 88' lang='lat' dir='ltr'>copiosius</span> <span class='ocrx_word' id='word_1_147' title='bbox 1038 2065 1129 2122; x_wconf 90' lang='lat' dir='ltr'>agam</span> <span class='ocrx_word' id='word_1_148' title='bbox 1160 2047 1203 2104; x_wconf 91' lang='lat' dir='ltr'>ita</span> <span class='ocrx_word' id='word_1_149' title='bbox 1224 2063 1289 2102; x_wconf 91' lang='lat' dir='ltr'>cor-</span> 
     </span>
     <span class='ocr_line' id='line_1_19' title="bbox 184 2141 627 2234; baseline 0.007 -29"><span class='ocrx_word' id='word_1_150' title='bbox 184 2158 302 2208; x_wconf 91' lang='lat' dir='ltr'>rectum</span> <span class='ocrx_word' id='word_1_151' title='bbox 324 2151 429 2210; x_wconf 89' lang='lat' dir='ltr'>uelim:</span> <span class='ocrx_word' id='word_1_152' title='bbox 453 2141 627 2234; x_wconf 89' lang='lat' dir='ltr'>[uocantur]</span> 
     </span>
    </p>
   </div>
   <div class='ocr_carea' id='block_1_3' title="bbox 271 2268 1156 2345">
    <p class='ocr_par' dir='ltr' id='par_1_3' title="bbox 271 2268 1156 2345">
     <span class='ocr_line' id='line_1_20' title="bbox 271 2268 1156 2345; baseline 0 -19"><span class='ocrx_word' id='word_1_153' title='bbox 271 2269 341 2326; x_wconf 89' lang='lat' dir='ltr'>dein</span> <span class='ocrx_word' id='word_1_154' title='bbox 361 2278 550 2345; x_wconf 87' lang='lat' dir='ltr'>paratactoe,</span> <span class='ocrx_word' id='word_1_155' title='bbox 574 2287 634 2344; x_wconf 90' lang='lat' dir='ltr'>qua</span> <span class='ocrx_word' id='word_1_156' title='bbox 656 2269 831 2345; x_wconf 88' lang='lat' dir='ltr'>chlamydes</span> <span class='ocrx_word' id='word_1_157' title='bbox 855 2287 891 2327; x_wconf 88' lang='lat' dir='ltr'>ac</span> <span class='ocrx_word' id='word_1_158' title='bbox 912 2268 1040 2327; x_wconf 90' lang='lat' dir='ltr'>barbula</span> <span class='ocrx_word' id='word_1_159' title='bbox 1059 2268 1156 2344; x_wconf 88' lang='lat' dir='ltr'>prima</span> 
     </span>
    </p>
   </div>
   <div class='ocr_carea' id='block_1_4' title="bbox 185 2383 1290 3786">
    <p class='ocr_par' dir='ltr' id='par_1_4' title="bbox 185 2383 1290 3786">
     <span class='ocr_line' id='line_1_21' title="bbox 187 2383 1288 2464; baseline 0.001 -21"><span class='ocrx_word' id='word_1_160' title='bbox 187 2387 434 2445; x_wconf 89' lang='lat' dir='ltr'>adulescentulos</span> <span class='ocrx_word' id='word_1_161' title='bbox 455 2388 567 2446; x_wconf 85' lang='lat' dir='ltr'>scillcet</span> <span class='ocrx_word' id='word_1_162' title='bbox 588 2388 700 2445; x_wconf 89' lang='lat' dir='ltr'>uestire</span> <span class='ocrx_word' id='word_1_163' title='bbox 718 2388 863 2464; x_wconf 89' lang='lat' dir='ltr'>incipiunt</span> <span class='ocrx_word' id='word_1_164' title='bbox 884 2395 996 2447; x_wconf 89' lang='lat' dir='ltr'>aetate.</span> <span class='ocrx_word' id='word_1_165' title='bbox 1043 2383 1204 2444; x_wconf 79' lang='lat' dir='ltr'>Colamz&#39;des</span> <span class='ocrx_word' id='word_1_166' title='bbox 1224 2404 1288 2444; x_wconf 89' lang='lat' dir='ltr'>cor·</span> 
     </span>
     <span class='ocr_line' id='line_1_22' title="bbox 185 2486 1289 2565; baseline -0.002 -21"><span class='ocrx_word' id='word_1_167' title='bbox 185 2496 309 2562; x_wconf 89' lang='lat' dir='ltr'>ruptum</span> <span class='ocrx_word' id='word_1_168' title='bbox 330 2507 400 2546; x_wconf 90' lang='lat' dir='ltr'>esse</span> <span class='ocrx_word' id='word_1_169' title='bbox 422 2498 499 2565; x_wconf 89' lang='lat' dir='ltr'>puto</span> <span class='ocrx_word' id='word_1_170' title='bbox 520 2489 750 2558; x_wconf 82' lang='lat' dir='ltr'>excoclamides,</span> <span class='ocrx_word' id='word_1_171' title='bbox 773 2507 845 2546; x_wconf 89' lang='lat' dir='ltr'>nam</span> <span class='ocrx_word' id='word_1_172' title='bbox 866 2508 905 2564; x_wconf 84' lang='lat' dir='ltr'>qu</span> <span class='ocrx_word' id='word_1_173' title='bbox 927 2497 959 2545; x_wconf 91' lang='lat' dir='ltr'>et</span> <span class='ocrx_word' id='word_1_174' title='bbox 979 2487 1131 2563; x_wconf 88' lang='lat' dir='ltr'>csaepius</span> <span class='ocrx_word' id='word_1_175' title='bbox 1154 2487 1185 2544; x_wconf 92' lang='lat' dir='ltr'>in</span> <span class='ocrx_word' id='word_1_176' title='bbox 1197 2486 1289 2545; x_wconf 92' lang='lat' dir='ltr'>Nonii</span> 
     </span>
     <span class='ocr_line' id='line_1_23' title="bbox 186 2588 1288 2666; baseline -0.002 -21"><span class='ocrx_word' id='word_1_177' title='bbox 186 2589 344 2647; x_wconf 90' lang='lat' dir='ltr'>codicibus</span> <span class='ocrx_word' id='word_1_178' title='bbox 367 2590 575 2660; x_wconf 87' lang='lat' dir='ltr'>confunditur,</span> <span class='ocrx_word' id='word_1_179' title='bbox 598 2591 683 2648; x_wconf 91' lang='lat' dir='ltr'>uelut</span> <span class='ocrx_word' id='word_1_180' title='bbox 705 2610 734 2666; x_wconf 91' lang='lat' dir='ltr'>p.</span> <span class='ocrx_word' id='word_1_181' title='bbox 763 2588 819 2647; x_wconf 84' lang='lat'>126</span> <span class='ocrx_word' id='word_1_182' title='bbox 840 2590 973 2647; x_wconf 80' lang='lat' dir='ltr'>sculz&#39;tale</span> <span class='ocrx_word' id='word_1_183' title='bbox 987 2606 1043 2664; x_wconf 92' lang='lat' dir='ltr'>pro</span> <span class='ocrx_word' id='word_1_184' title='bbox 1057 2588 1216 2662; x_wconf 80' lang='lat' dir='ltr'>squalitate</span> <span class='ocrx_word' id='word_1_185' title='bbox 1233 2604 1288 2663; x_wconf 95' lang='lat' dir='ltr'>po-</span> 
     </span>
     <span class='ocr_line' id='line_1_24' title="bbox 186 2685 1290 2758; baseline -0.004 -12"><span class='ocrx_word' id='word_1_186' title='bbox 186 2690 277 2746; x_wconf 91' lang='lat' dir='ltr'>situm</span> <span class='ocrx_word' id='word_1_187' title='bbox 311 2698 368 2748; x_wconf 87' lang='lat' dir='ltr'>est.</span> <span class='ocrx_word' id='word_1_188' title='bbox 411 2688 509 2748; x_wconf 92' lang='lat' dir='ltr'>Multo</span> <span class='ocrx_word' id='word_1_189' title='bbox 543 2691 695 2750; x_wconf 79' lang='lat' dir='ltr'>difficilius</span> <span class='ocrx_word' id='word_1_190' title='bbox 728 2699 775 2749; x_wconf 88' lang='lat' dir='ltr'>est</span> <span class='ocrx_word' id='word_1_191' title='bbox 806 2691 952 2748; x_wconf 89' lang='lat' dir='ltr'>iudicium</span> <span class='ocrx_word' id='word_1_192' title='bbox 983 2692 1023 2758; x_wconf 85' lang='lat' dir='ltr'>de</span> <span class='ocrx_word' id='word_1_193' title='bbox 1057 2689 1154 2747; x_wconf 90' lang='lat' dir='ltr'>altero</span> <span class='ocrx_word' id='word_1_194' title='bbox 1181 2685 1290 2745; x_wconf 89' lang='lat' dir='ltr'>Lucilii</span> 
     </span>
     <span class='ocr_line' id='line_1_25' title="bbox 186 2787 1289 2866; baseline -0.002 -20"><span class='ocrx_word' id='word_1_195' title='bbox 186 2807 277 2848; x_wconf 90' lang='lat' dir='ltr'>uersu</span> <span class='ocrx_word' id='word_1_196' title='bbox 301 2800 395 2866; x_wconf 90' lang='lat' dir='ltr'>atque</span> <span class='ocrx_word' id='word_1_197' title='bbox 427 2793 467 2849; x_wconf 93' lang='lat' dir='ltr'>de</span> <span class='ocrx_word' id='word_1_198' title='bbox 496 2792 668 2866; x_wconf 78' lang='lat' dir='ltr'>fragmento</span> <span class='ocrx_word' id='word_1_199' title='bbox 692 2789 855 2850; x_wconf 89' lang='lat' dir='ltr'>Uarronis:</span> <span class='ocrx_word' id='word_1_200' title='bbox 891 2793 931 2848; x_wconf 92' lang='lat' dir='ltr'>de</span> <span class='ocrx_word' id='word_1_201' title='bbox 960 2791 1038 2849; x_wconf 89' lang='lat' dir='ltr'>illius</span> <span class='ocrx_word' id='word_1_202' title='bbox 1070 2787 1289 2847; x_wconf 87' lang='lat' dir='ltr'>emendatione</span> 
     </span>
     <span class='ocr_line' id='line_1_26' title="bbox 186 2888 1289 2967; baseline -0.002 -21"><span class='ocrx_word' id='word_1_203' title='bbox 186 2907 247 2964; x_wconf 91' lang='lat' dir='ltr'>ego</span> <span class='ocrx_word' id='word_1_204' title='bbox 274 2891 399 2964; x_wconf 89' lang='lat' dir='ltr'>quidem</span> <span class='ocrx_word' id='word_1_205' title='bbox 422 2892 565 2967; x_wconf 90' lang='lat' dir='ltr'>desper0‚</span> <span class='ocrx_word' id='word_1_206' title='bbox 597 2911 634 2949; x_wconf 87' lang='lat' dir='ltr'>ex</span> <span class='ocrx_word' id='word_1_207' title='bbox 658 2891 717 2951; x_wconf 92' lang='lat' dir='ltr'>hoc</span> <span class='ocrx_word' id='word_1_208' title='bbox 740 2893 773 2950; x_wconf 91' lang='lat' dir='ltr'>id</span> <span class='ocrx_word' id='word_1_209' title='bbox 795 2893 920 2967; x_wconf 84' lang='lat' dir='ltr'>quidem</span> <span class='ocrx_word' id='word_1_210' title='bbox 943 2891 1054 2958; x_wconf 90' lang='lat' dir='ltr'>elucet,</span> <span class='ocrx_word' id='word_1_211' title='bbox 1076 2907 1190 2948; x_wconf 92' lang='lat' dir='ltr'>nomen</span> <span class='ocrx_word' id='word_1_212' title='bbox 1215 2888 1289 2946; x_wconf 91' lang='lat' dir='ltr'>illud</span> 
     </span>
     <span class='ocr_line' id='line_1_27' title="bbox 187 2990 1288 3069; baseline 0.002 -23"><span class='ocrx_word' id='word_1_213' title='bbox 187 2990 376 3065; x_wconf 91' lang='lat' dir='ltr'>epheborum</span> <span class='ocrx_word' id='word_1_214' title='bbox 388 2993 564 3069; x_wconf 90' lang='lat' dir='ltr'>impositum</span> <span class='ocrx_word' id='word_1_215' title='bbox 587 3011 656 3051; x_wconf 89' lang='lat' dir='ltr'>esse</span> <span class='ocrx_word' id='word_1_216' title='bbox 672 2993 798 3069; x_wconf 88' lang='lat' dir='ltr'>ephebis</span> <span class='ocrx_word' id='word_1_217' title='bbox 821 2993 862 3050; x_wconf 89' lang='lat' dir='ltr'>ad</span> <span class='ocrx_word' id='word_1_218' title='bbox 876 3011 941 3050; x_wconf 91' lang='lat' dir='ltr'>rem</span> <span class='ocrx_word' id='word_1_219' title='bbox 955 2992 1135 3062; x_wconf 86' lang='lat' dir='ltr'>amatoriam</span> <span class='ocrx_word' id='word_1_220' title='bbox 1156 2990 1288 3048; x_wconf 78' lang='lat' dir='ltr'>idoneis,</span> 
     </span>
     <span class='ocr_line' id='line_1_28' title="bbox 186 3089 1289 3167; baseline 0 -21"><span class='ocrx_word' id='word_1_221' title='bbox 186 3089 319 3149; x_wconf 87' lang='lat' dir='ltr'>Maxime</span> <span class='ocrx_word' id='word_1_222' title='bbox 341 3101 444 3150; x_wconf 89' lang='lat' dir='ltr'>autem</span> <span class='ocrx_word' id='word_1_223' title='bbox 467 3095 601 3151; x_wconf 90' lang='lat' dir='ltr'>omnium</span> <span class='ocrx_word' id='word_1_224' title='bbox 625 3093 783 3152; x_wconf 90' lang='lat' dir='ltr'>ciuitatum</span> <span class='ocrx_word' id='word_1_225' title='bbox 807 3092 959 3151; x_wconf 91' lang='lat' dir='ltr'>Graeciae</span> <span class='ocrx_word' id='word_1_226' title='bbox 979 3091 1122 3150; x_wconf 89' lang='lat' dir='ltr'>Thebani</span> <span class='ocrx_word' id='word_1_227' title='bbox 1144 3090 1289 3167; x_wconf 89' lang='lat' dir='ltr'>propensi</span> 
     </span>
     <span class='ocr_line' id='line_1_29' title="bbox 188 3189 1289 3272; baseline -0.001 -24"><span class='ocrx_word' id='word_1_228' title='bbox 188 3202 276 3250; x_wconf 91' lang='lat' dir='ltr'>erant</span> <span class='ocrx_word' id='word_1_229' title='bbox 299 3195 341 3251; x_wconf 92' lang='lat' dir='ltr'>ad</span> <span class='ocrx_word' id='word_1_230' title='bbox 373 3212 510 3254; x_wconf 91' lang='lat' dir='ltr'>amorem</span> <span class='ocrx_word' id='word_1_231' title='bbox 542 3213 708 3272; x_wconf 87' lang='lat' dir='ltr'>puerorum</span> <span class='ocrx_word' id='word_1_232' title='bbox 736 3193 815 3266; x_wconf 83' lang='lat' dir='ltr'>(Ael.</span> <span class='ocrx_word' id='word_1_233' title='bbox 839 3212 867 3254; x_wconf 90' lang='lat' dir='ltr'>u.</span> <span class='ocrx_word' id='word_1_234' title='bbox 891 3194 920 3254; x_wconf 94' lang='lat' dir='ltr'>h.</span> <span class='ocrx_word' id='word_1_235' title='bbox 942 3194 1021 3251; x_wconf 88' lang='lat' dir='ltr'><strong>XIII</strong></span> <span class='ocrx_word' id='word_1_236' title='bbox 1045 3190 1088 3268; x_wconf 84' lang='lat'>5),</span> <span class='ocrx_word' id='word_1_237' title='bbox 1119 3193 1193 3250; x_wconf 89' lang='lat' dir='ltr'>dein</span> <span class='ocrx_word' id='word_1_238' title='bbox 1216 3189 1289 3248; x_wconf 89' lang='lat' dir='ltr'>Cre-</span> 
     </span>
     <span class='ocr_line' id='line_1_30' title="bbox 188 3291 1288 3373; baseline 0.002 -25"><span class='ocrx_word' id='word_1_239' title='bbox 188 3300 291 3351; x_wconf 88' lang='lat' dir='ltr'>tenses</span> <span class='ocrx_word' id='word_1_240' title='bbox 324 3291 427 3370; x_wconf 90' lang='lat' dir='ltr'>(Corn.</span> <span class='ocrx_word' id='word_1_241' title='bbox 461 3295 539 3372; x_wconf 92' lang='lat' dir='ltr'>Nep.</span> <span class='ocrx_word' id='word_1_242' title='bbox 562 3293 683 3373; x_wconf 70' lang='lat' dir='ltr'>praefi),</span> <span class='ocrx_word' id='word_1_243' title='bbox 717 3309 781 3354; x_wconf 90' lang='lat' dir='ltr'>tum</span> <span class='ocrx_word' id='word_1_244' title='bbox 814 3295 895 3354; x_wconf 88' lang='lat' dir='ltr'>Elei:</span> <span class='ocrx_word' id='word_1_245' title='bbox 929 3313 1023 3370; x_wconf 90' lang='lat' dir='ltr'>quare</span> <span class='ocrx_word' id='word_1_246' title='bbox 1045 3294 1122 3354; x_wconf 91' lang='lat' dir='ltr'>Plut.</span> <span class='ocrx_word' id='word_1_247' title='bbox 1142 3295 1182 3350; x_wconf 88' lang='lat' dir='ltr'>de</span> <span class='ocrx_word' id='word_1_248' title='bbox 1204 3308 1288 3367; x_wconf 90' lang='lat' dir='ltr'>puer.</span> 
     </span>
     <span class='ocr_line' id='line_1_31' title="bbox 187 3388 1288 3474; baseline 0 -24"><span class='ocrx_word' id='word_1_249' title='bbox 187 3393 276 3454; x_wconf 91' lang='lat' dir='ltr'>educ.</span> <span class='ocrx_word' id='word_1_250' title='bbox 311 3413 377 3471; x_wconf 88' lang='lat' dir='ltr'>cap.</span> <span class='ocrx_word' id='word_1_251' title='bbox 408 3412 441 3471; x_wconf 83' lang='lat'>15</span> <span class='ocrx_word' id='word_1_252' title='bbox 476 3399 638 3474; x_wconf 88' lang='lat' dir='ltr'>praecipit:</span> <span class='ocrx_word' id='word_1_253' title='bbox 684 3393 740 3456; x_wconf 85' lang='grc' dir='ltr'>Καὶ</span> <span class='ocrx_word' id='word_1_254' title='bbox 772 3392 849 3471; x_wconf 85' lang='grc' dir='ltr'>τοὺς</span> <span class='ocrx_word' id='word_1_255' title='bbox 885 3393 942 3472; x_wconf 81' lang='grc' dir='ltr'>μὲν</span> <span class='ocrx_word' id='word_1_256' title='bbox 971 3391 1094 3470; x_wconf 88' lang='grc' dir='ltr'>Θήβησι</span> <span class='ocrx_word' id='word_1_257' title='bbox 1127 3389 1180 3453; x_wconf 84' lang='grc' dir='ltr'>καὶ</span> <span class='ocrx_word' id='word_1_258' title='bbox 1210 3388 1288 3466; x_wconf 87' lang='grc' dir='ltr'>τοὺς</span> 
     </span>
     <span class='ocr_line' id='line_1_32' title="bbox 186 3487 1289 3575; baseline -0.002 -21"><span class='ocrx_word' id='word_1_259' title='bbox 186 3487 323 3570; x_wconf 49' lang='grc' dir='ltr'>Ἤλιδιῧ)</span> <span class='ocrx_word' id='word_1_260' title='bbox 359 3495 518 3572; x_wconf 88' lang='grc' dir='ltr'>φευκτέον</span> <span class='ocrx_word' id='word_1_261' title='bbox 548 3494 672 3575; x_wconf 80' lang='grc' dir='ltr'>ἔρωτας</span> <span class='ocrx_word' id='word_1_262' title='bbox 703 3495 754 3558; x_wconf 87' lang='grc' dir='ltr'>καὶ</span> <span class='ocrx_word' id='word_1_263' title='bbox 787 3494 845 3558; x_wconf 87' lang='grc' dir='ltr'>τὸν</span> <span class='ocrx_word' id='word_1_264' title='bbox 876 3493 911 3557; x_wconf 86' lang='grc' dir='ltr'>ἐκ</span> <span class='ocrx_word' id='word_1_265' title='bbox 935 3493 1058 3571; x_wconf 85' lang='grc' dir='ltr'>Κρήτης</span> <span class='ocrx_word' id='word_1_266' title='bbox 1088 3489 1289 3567; x_wconf 87' lang='grc' dir='ltr'>καλούμενον</span> 
     </span>
     <span class='ocr_line' id='line_1_33' title="bbox 187 3589 1289 3675; baseline -0.004 -21"><span class='ocrx_word' id='word_1_267' title='bbox 187 3589 358 3671; x_wconf 86' lang='grc' dir='ltr'>ἁρπαγμόν</span> <span class='ocrx_word' id='word_1_268' title='bbox 380 3607 473 3673; x_wconf 88' lang='lat' dir='ltr'>atque</span> <span class='ocrx_word' id='word_1_269' title='bbox 496 3617 555 3675; x_wconf 86' lang='lat' dir='ltr'>ego</span> <span class='ocrx_word' id='word_1_270' title='bbox 578 3601 702 3675; x_wconf 92' lang='lat' dir='ltr'>quidem</span> <span class='ocrx_word' id='word_1_271' title='bbox 724 3608 799 3674; x_wconf 89' lang='lat' dir='ltr'>puto</span> <span class='ocrx_word' id='word_1_272' title='bbox 813 3598 973 3655; x_wconf 89' lang='lat' dir='ltr'>uerisimile</span> <span class='ocrx_word' id='word_1_273' title='bbox 996 3614 1066 3654; x_wconf 91' lang='lat' dir='ltr'>esse</span> <span class='ocrx_word' id='word_1_274' title='bbox 1093 3597 1134 3652; x_wconf 88' lang='lat' dir='ltr'>ad</span> <span class='ocrx_word' id='word_1_275' title='bbox 1149 3593 1289 3652; x_wconf 87' lang='lat' dir='ltr'>instituta</span> 
     </span>
     <span class='ocr_line' id='line_1_34' title="bbox 187 3694 1289 3786; baseline -0.001 -35"><span class='ocrx_word' id='word_1_276' title='bbox 187 3694 407 3756; x_wconf 89' lang='lat' dir='ltr'>Thebanorum</span> <span class='ocrx_word' id='word_1_277' title='bbox 440 3699 522 3756; x_wconf 91' lang='lat' dir='ltr'>hunc</span> <span class='ocrx_word' id='word_1_278' title='bbox 553 3718 677 3758; x_wconf 90' lang='lat' dir='ltr'>uersum</span> <span class='ocrx_word' id='word_1_279' title='bbox 706 3701 869 3776; x_wconf 89' lang='lat' dir='ltr'>pertinere.</span> <span class='ocrx_word' id='word_1_280' title='bbox 915 3697 1085 3786; x_wconf 66' lang='lat' dir='ltr'>Parataetoe</span> <span class='ocrx_word' id='word_1_281' title='bbox 1114 3695 1195 3753; x_wconf 90' lang='lat' dir='ltr'>enim</span> <span class='ocrx_word' id='word_1_282' title='bbox 1227 3710 1289 3752; x_wconf 87' lang='lat' dir='ltr'>uox</span> 
     </span>
    </p>
   </div>
   <div class='ocr_carea' id='block_1_5' title="bbox 187 3973 1289 4134">
    <p class='ocr_par' dir='ltr' id='par_1_5' title="bbox 187 3973 1289 4134">
     <span class='ocr_line' id='line_1_35' title="bbox 291 3973 1289 4044; baseline -0.003 -18"><span class='ocrx_word' id='word_1_283' title='bbox 291 3973 313 4044; x_wconf 91' lang='lat'>¹)</span> <span class='ocrx_word' id='word_1_284' title='bbox 332 3978 371 4028; x_wconf 88' lang='lat' dir='ltr'>K.</span> <span class='ocrx_word' id='word_1_285' title='bbox 390 3977 420 4029; x_wconf 87' lang='lat' dir='ltr'>F.</span> <span class='ocrx_word' id='word_1_286' title='bbox 439 3977 576 4026; x_wconf 85' lang='lat' dir='ltr'>Hermann</span> <span class='ocrx_word' id='word_1_287' title='bbox 598 3975 703 4027; x_wconf 89' lang='lat' dir='ltr'>Griech.</span> <span class='ocrx_word' id='word_1_288' title='bbox 721 3975 932 4027; x_wconf 82' lang='lat' dir='ltr'>Privatalterth.²</span> <span class='ocrx_word' id='word_1_289' title='bbox 951 3987 993 4039; x_wconf 84' lang='lat'>29,</span> <span class='ocrx_word' id='word_1_290' title='bbox 1015 3988 1055 4037; x_wconf 90' lang='lat'>19.</span> <span class='ocrx_word' id='word_1_291' title='bbox 1080 3976 1161 4025; x_wconf 86' lang='lat' dir='ltr'>Uaria</span> <span class='ocrx_word' id='word_1_292' title='bbox 1183 3974 1289 4024; x_wconf 88' lang='lat' dir='ltr'>uomina</span> 
     </span>
     <span class='ocr_line' id='line_1_36' title="bbox 187 4064 1175 4134; baseline -0.001 -18"><span class='ocrx_word' id='word_1_293' title='bbox 187 4065 351 4132; x_wconf 85' lang='lat' dir='ltr'>epheborum</span> <span class='ocrx_word' id='word_1_294' title='bbox 369 4066 439 4134; x_wconf 86' lang='lat' dir='ltr'>apud</span> <span class='ocrx_word' id='word_1_295' title='bbox 458 4065 617 4126; x_wconf 87' lang='lat' dir='ltr'>Nauckium‚</span> <span class='ocrx_word' id='word_1_296' title='bbox 638 4065 775 4131; x_wconf 86' lang='lat' dir='ltr'>Aristoph.</span> <span class='ocrx_word' id='word_1_297' title='bbox 793 4065 932 4130; x_wconf 88' lang='lat' dir='ltr'>Byzantini</span> <span class='ocrx_word' id='word_1_298' title='bbox 951 4064 999 4118; x_wconf 92' lang='lat' dir='ltr'>rel.</span> <span class='ocrx_word' id='word_1_299' title='bbox 1017 4081 1043 4130; x_wconf 93' lang='lat' dir='ltr'>p.</span> <span class='ocrx_word' id='word_1_300' title='bbox 1064 4065 1097 4114; x_wconf 90' lang='lat'>88</span> <span class='ocrx_word' id='word_1_301' title='bbox 1117 4079 1175 4130; x_wconf 89' lang='lat' dir='ltr'>sqq.</span> 
     </span>
    </p>
   </div>
   <div class='ocr_carea' id='block_1_6' title="bbox 288 4169 684 4237">
    <p class='ocr_par' dir='ltr' id='par_1_6' title="bbox 288 4169 684 4237">
     <span class='ocr_line' id='line_1_37' title="bbox 288 4169 684 4237; baseline 0.005 -17"><span class='ocrx_word' id='word_1_302' title='bbox 288 4169 309 4237; x_wconf 80' lang='lat'>²)</span> <span class='ocrx_word' id='word_1_303' title='bbox 327 4171 396 4223; x_wconf 86' lang='lat' dir='ltr'>Plat.</span> <span class='ocrx_word' id='word_1_304' title='bbox 415 4172 518 4224; x_wconf 91' lang='lat' dir='ltr'>conuiu.</span> <span class='ocrx_word' id='word_1_305' title='bbox 535 4188 561 4237; x_wconf 94' lang='lat' dir='ltr'>p.</span> <span class='ocrx_word' id='word_1_306' title='bbox 585 4170 633 4220; x_wconf 92' lang='lat'>182</span> <span class='ocrx_word' id='word_1_307' title='bbox 653 4171 684 4222; x_wconf 88' lang='lat' dir='ltr'>B.</span> 
     </span>
    </p>
   </div>
   <div class='ocr_carea' id='block_1_7' title="bbox 0 0 1504 4744">
    <p class='ocr_par' dir='ltr' id='par_1_7' title="bbox 0 0 1504 4744">
     <span class='ocr_line' id='line_1_38' title="bbox 0 0 1504 4744; baseline 0 0"><span class='ocrx_word' id='word_1_308' title='bbox 0 0 1504 4744; x_wconf 95' lang='lat' dir='ltr'> </span> 
     </span>
    </p>
   </div>
  </div>
 </body>
</html>
