2980 4752
692 247 731 308 45

170 423 226 480 det
247 421 290 479 sic
315 419 388 488 fere,
410 427 443 476 ut
465 417 587 476 Horatii
610 417 712 475 uerbis
735 426 802 474 utar
829 410 862 493 (l.
885 415 904 474 l.
928 433 958 475 u.
981 411 1050 490 65l:
1083 425 1116 475 at
1137 417 1217 476 bene
1240 419 1265 477 si

169 523 248 581 uiuis
270 531 301 580 et
322 521 404 596 puris
426 519 565 578 manibus

254 625 351 681 nolito
374 624 428 680 tibi
451 640 500 679 me
521 620 601 678 male
617 621 721 677 dicere
736 612 830 694 posse
846 627 952 695 putare
973 616 1016 695 (u.
1032 635 1094 697 970
1109 621 1134 679 L
1150 639 1208 696 ¹30
1218 622 1265 698 M)

170 725 234 783 Sed
256 742 373 783 rursum
394 723 528 782 Lucilius
550 723 654 797 poesis
677 721 819 779 satiricae
843 721 934 778 alium
949 721 1034 796 fingit
1054 722 1208 780 inimicum
1225 726 1266 782 de

170 844 234 902 quo
258 844 308 886 uu.
332 824 403 899 890.
426 822 497 898 962.
521 822 592 897 961.
616 822 675 896 875
698 822 723 878 L
745 821 797 897 98.
821 836 870 896 ²5·
895 839 942 894 24.
967 839 1006 897 33
1029 823 1071 884 M.

254 926 367 984 Hicin
389 934 523 982 stercore
543 923 635 992 humi,
659 923 779 991 fabulis,
801 922 872 980 fimo
895 933 988 999 atque
1011 925 1166 982 sucerdis:

254 1022 354 1100 ‘Quid
375 1036 407 1085 tu
429 1028 508 1084 istuc
529 1043 627 1094 curas,
651 1025 702 1082 ubi
724 1042 783 1100 ego
806 1026 924 1083 oblinar
945 1034 1039 1101 atque
1062 1023 1202 1085 uoluter?
1225 1072 1232 1086 .
1258 1073 1264 1086 .

257 1128 340 1200 Quid
356 1146 461 1186 seruas
484 1145 545 1204 quo
562 1145 640 1196 eam,
664 1127 738 1202 quid
751 1123 861 1201 agam?
884 1127 959 1202 quid
981 1127 1013 1185 id
1036 1128 1146 1186 attinet
1161 1131 1203 1187 ad
1215 1126 1266 1187 te?

258 1228 352 1301 Quod
374 1239 407 1286 tu
430 1229 454 1286 si
476 1217 594 1295 laudeS,
618 1227 732 1305 culpes,
755 1245 818 1285 non
840 1226 961 1302 proficis
984 1223 1102 1288 hilum'.

172 1331 314 1392 Occurrit
335 1339 492 1407 postremo
526 1329 601 1386 alius
622 1328 819 1398 obtrectator,
850 1329 902 1404 qui
924 1329 1075 1387 Lucilium
1097 1329 1143 1387 his
1167 1331 1267 1388 uerbis

172 1434 370 1509 adloquatur:
393 1448 445 1490 uu.
468 1428 538 1504 876.
562 1445 619 1503 911
645 1428 671 1485 L
694 1444 743 1501 3ο.
771 1446 805 1486 12
830 1429 876 1488 M:

258 1532 355 1601 Nunc,
378 1532 446 1601 Gai,
469 1531 614 1606 quoniam
636 1529 762 1587 incilans
784 1546 841 1587 nos
864 1531 966 1600 laedi’,
987 1531 1121 1589 uicissim

259 1636 283 1692 si
303 1634 395 1692 liceat
408 1633 509 1690 facere
529 1642 561 1689 et
575 1633 636 1688 iam
649 1630 707 1688 hoc
721 1631 854 1688 uersibu’
877 1633 1007 1690 reddere
1030 1635 1113 1708 quod
1133 1634 1175 1690 do
1199 1679 1205 1694 .
1229 1679 1236 1694 .
1260 1678 1267 1693 .

173 1736 291 1794 Omnes
318 1737 370 1810 qui
391 1735 522 1810 priorem
547 1751 576 1792 u.
607 1735 774 1808 tetigerunt
795 1729 889 1808 (conf.
908 1733 950 1793 M.
970 1735 1010 1790 ad
1034 1734 1061 1795 h.
1084 1731 1127 1810 u.)
1153 1736 1269 1793 malue-
1338 1739 1340 1743 ’

172 1845 243 1894 runt
265 1838 402 1911 cogitare
431 1836 471 1892 de
494 1833 528 1895 C.
553 1834 659 1892 Caelio
688 1836 790 1892 iudice
824 1835 864 1892 de
898 1834 932 1895 C.
954 1835 1090 1894 Minucio
1122 1839 1268 1912 magistro

174 1938 310 2015 equitum
333 1937 372 1994 de
388 1937 464 2004 aliis,
487 1955 588 2012 quam,
610 1954 670 2013 quo
682 1955 870 2012 praenomen
886 1937 985 2012 aptius
1009 1938 1143 2012 positmn
1163 1939 1269 1997 uidea-

174 2049 232 2106 tur,
267 2038 415 2096 Lucilium
437 2039 535 2113 ipsum
560 2055 736 2113 agnoscere.
780 2032 882 2116 (Conl.
906 2037 1029 2114 Corpet.
1053 2040 1094 2097 ad
1116 2039 1145 2098 h.
1169 2037 1201 2116 l.)
1222 2040 1269 2098 Ita

174 2141 205 2198 in
236 2139 381 2198 Uarronis
413 2139 585 2214 Menippeis
618 2156 839 2214 nonnunquam
872 2139 1130 2213 deprehendimus
1165 2139 1271 2198 Marce

174 2243 347 2299 uocatiuum
369 2239 431 2315 (60.
458 2254 525 2313 175.
549 2254 608 2311 505
632 2237 689 2314 Β.),
723 2241 806 2297 uelut
833 2241 863 2297 in
887 2240 1040 2302 Bimarco:
1073 2235 1203 2300 ‘Ebrius
1235 2261 1269 2301 es

175 2342 289 2411 Marce,
323 2341 477 2417 Odyssian
508 2340 590 2396 enim
611 2340 738 2397 Homeri
770 2342 912 2398 ruminari
945 2343 1062 2417 incipis,
1097 2361 1165 2401 cum
1197 2342 1270 2420 περὶ

175 2440 306 2519 τρόπων
334 2443 514 2517 scripturum
537 2450 568 2498 te
591 2441 662 2498 Seio
684 2443 836 2515 receperis
844 2435 861 2499 ’.
905 2441 1052 2502 Horatius
1088 2445 1161 2502 item
1193 2463 1271 2503 non·

176 2545 276 2602 nullos
299 2562 370 2602 sese
391 2544 478 2618 fingit
499 2542 703 2618 adloquentes
723 2540 829 2611 Omitte
851 2550 907 2599 sat.
921 2543 991 2613 116,
1011 2558 1060 2620 37.
1076 2543 1272 2604 -Ceterum

176 2647 311 2704 uicissim
333 2646 435 2704 facere
458 2640 632 2706 ἀντιποιεῖν
665 2661 735 2702 esse
766 2652 842 2720 puto
864 2662 902 2704 ac
928 2646 1031 2703 dicere
1054 2647 1271 2719 aduersarium,

177 2765 246 2806 sese
276 2749 332 2805 nisi
365 2746 442 2804 infra
473 2765 557 2804 suam
581 2747 762 2821 dignitatem
786 2755 878 2816 esset,
912 2764 1130 2823 responsurum
1154 2750 1273 2809 Lucilio

106 2875 110 2892 ·
178 2849 316 2906 uersibus
339 2849 472 2905 uicissim
497 2893 503 2907 .
526 2891 533 2906 .
559 2892 566 2907 .
589 2846 669 2904 Dein
690 2849 776 2905 aliter
798 2865 834 2904 ac
856 2845 1006 2906 Muellero
1028 2849 1149 2907 uidetur
1182 2852 1274 2908 inter·

176 2959 281 3027 pretor
301 2969 329 3011 u.
353 2966 416 3025 970
437 2950 462 3006 L
490 2964 545 3024 127
569 2949 617 3008 M:

262 3061 292 3108 et
314 3044 464 3109 Musconi'
486 3068 611 3107 manum
631 3050 819 3124 perscribere
840 3069 933 3126 posse
956 3060 1097 3129 tagacem

179 3171 259 3229 quae
282 3154 376 3210 uerba
398 3153 566 3210 aduersarii
589 3167 658 3208 esse
677 3152 805 3209 arbitror
821 3152 952 3210 dicentis
974 3154 1058 3212 nihili
1080 3173 1149 3213 esse
1172 3174 1273 3232 neque

179 3255 381 3312 admiratione
415 3254 475 3310 ulla
498 3255 625 3328 dignum
659 3253 813 3310 satiricum
845 3252 984 3313 homines
1019 3255 1135 3315 furaces
1166 3259 1273 3316 similia

176 3373 270 3432 posse
293 3356 467 3412 describere
490 3353 577 3431 (Hor.
602 3363 658 3414 sat.
680 3356 747 3428 14,
771 3355 811 3429 3).
847 3354 945 3415 ·Conf.
959 3356 1034 3417 Hor.
1059 3369 1116 3417 sat.
1139 3357 1167 3414 ΙΙ
1183 3375 1209 3428 r,
1223 3375 1272 3428 21,

178 3456 230 3513 ubi
253 3456 416 3513 Trebatius
438 3465 560 3514 saturae
584 3457 774 3516 obtrectans:
947 3525 949 3533 s

264 3557 388 3629 Quanto
411 3559 523 3614 rectius
545 3558 623 3614 haec
646 3576 737 3634 quam
761 3559 839 3616 tristi
861 3558 984 3615 laedere
1008 3574 1097 3616 uersu

264 3658 464 3718 Pantolabum
492 3677 624 3717 scurram
642 3659 932 3735 Nomentanumque
953 3655 1127 3737 nepotem’.

180 3759 248 3817 Alia
268 3759 303 3819 L.
326 3761 366 3817 ad
389 3759 471 3817 hunc
492 3761 602 3820 locum.

283 3859 482 3918 Tractaturus
517 3861 577 3918 iam
603 3857 682 3918 'sum
717 3862 775 3920 alia
809 3861 980 3938 fragmenta
1012 3872 1166 3940 quattuor,
1194 3882 1274 3941 quae

182 3963 320 4019 nondum
343 3973 426 4021 recte
447 3963 602 4021 intellecta
624 3963 700 4020 sint:
722 3971 793 4020 sunt
814 3983 888 4021 uero
910 3964 1006 4023 haec:¹

528 4065 686 4138 l.u.912
711 4064 736 4121 L
761 4063 873 4136 114M

266 4182 328 4222 non
350 4167 447 4226 datur.
470 4166 605 4225 admittit
626 4160 729 4232 nemo,
752 4182 810 4222 nec
834 4165 939 4221 uiuere
962 4166 1076 4222 ducunt
1100 4209 1107 4224 .
1132 4212 1138 4224 .
1163 4207 1169 4223 .
