2980 4752
707 205 746 266 57

178 379 287 455 Itaque
323 377 418 436 hosce
451 397 499 438 uu.
531 377 708 434 tribuendos
737 394 850 434 censeo
881 374 1035 451 Neptuno,
1068 391 1161 450 quem
1186 374 1279 432 etiam

179 498 210 539 u.
237 496 272 552 14
295 477 320 536 L
347 495 382 537 12
406 479 439 537 M
470 479 646 556 loquentem
675 477 792 535 inducit
823 484 926 552 poeta.
976 473 1120 533 Ceterum
1150 475 1279 532 deorum

179 579 286 656 epulas
309 582 391 656 apud
401 578 572 655 Aethiopes
589 579 687 637 factas
700 579 851 636 Lucianus
868 595 991 654 quoque
1007 577 1112 634 irridet
1123 575 1225 633 Prom.
1242 590 1276 650 17

179 681 296 758 Philop.
318 698 347 755 4.
370 678 444 757 περὶ
466 680 588 743 θυσιῶν
610 697 639 740 2.
682 681 812 740 Mueller
832 681 991 740 Mineruae
1022 697 1093 738 esse
1119 678 1188 737 illos
1211 695 1278 736 uer·

178 799 231 840 sus
252 782 429 857 suspicatur.
491 764 495 768 ²

280 907 342 967 Sed
364 925 498 984 quanam
525 909 565 966 de
593 927 626 967 re
648 909 855 967 deliberantes
878 910 956 966 deos
986 909 1072 984 lingit
1092 898 1278 983 Lucilius?¹)

177 1010 306 1068 Duobus
339 1011 449 1068 utimur
477 1011 672 1070 testimoniis:
708 1011 835 1070 alterum
862 1010 1013 1087 praebent
1044 1028 1150 1070 uersus
1174 1008 1279 1067 Lucilii

177 1112 229 1188 qui
252 1121 424 1189 supersunt,
446 1113 576 1170 alterum
598 1111 718 1170 Seruius
748 1115 789 1170 ad
812 1113 889 1172 Aen.
916 1113 944 1170 X
971 1129 1037 1186 104,
1071 1113 1154 1171 cuius
1183 1110 1279 1168 uerba

177 1211 313 1270 editores
346 1209 452 1289 (adu.
476 1228 493 1286 3
520 1211 611 1270 LIV
633 1213 678 1287 M)
712 1215 756 1271 sic
784 1213 943 1271 exhibent:
977 1207 1090 1271 ‘Totus
1122 1212 1172 1270 hic
1193 1212 1278 1269 locus

179 1313 338 1388 deprimo
361 1313 465 1371 Lucilii
490 1314 654 1372 translatus
688 1322 736 1373 est
757 1315 841 1384 libre,
875 1315 926 1372 ubi
952 1315 1137 1372 inducuntur
1164 1313 1196 1370 di
1225 1311 1279 1368 ha·

177 1413 252 1470 bere
285 1414 444 1472 concilium
476 1423 508 1472 et
540 1432 633 1490 agere
666 1414 763 1490 primo
797 1416 846 1472 de·
872 1415 995 1472 interitu
1016 1414 1095 1490 Lupi
1116 1413 1275 1472 cuiusdam

177 1515 264 1572 ducis
286 1515 317 1572 in
340 1515 503 1590 republica,
536 1523 647 1591 postea
679 1516 846 1574 sententias
878 1517 990 1576 dicere.
1036 1515 1100 1573 Sed
1123 1515 1182 1572 hoc
1205 1515 1276 1592 quia

176 1616 334 1690 indignum
356 1625 422 1674 erat
443 1616 538 1674 heroo
570 1617 704 1674 carmine
733 1617 866 1677 mutauit.
911 1617 951 1675 Et
973 1617 1091 1674 induxit
1112 1616 1209 1692 primo
1231 1615 1275 1672 lo-

177 1725 323 1793 quentem
354 1717 461 1775 Iouem
494 1719 534 1774 de
565 1718 735 1794 interruptis
767 1717 953 1786 foederibus,
987 1719 1071 1776 cuius
1104 1717 1274 1775 orationem

176 1819 335 1894 interrupit
355 1817 471 1886 Uenus
494 1827 566 1895 post
588 1827 694 1878 secuta
716 1820 841 1878 Iunonis
870 1821 966 1879 uerba
988 1828 1067 1888 sunt,
1096 1819 1205 1896 quibus
1228 1835 1274 1875 re-

176 1921 296 1994 darguit
317 1905 480 1980 Uenerem.
525 1920 618 1979 Unde
647 1940 728 1980 nunc
746 1921 880 1997 Iuppiter
911 1921 987 1979 illud
1018 1922 1101 1997 quod
1131 1919 1275 1977 omiserat

176 2022 279 2079 reddit
299 2021 421 2079 dicens:
444 2040 519 2098 ergo
541 2024 686 2100 quoniam
700 2041 810 2099 pacem
835 2040 905 2081 esse
926 2042 990 2082 non
1005 2023 1110 2092 sinitis,
1133 2040 1172 2080 ea
1194 2039 1273 2098 quae

177 2141 243 2180 sum
266 2123 410 2192 dicturus
434 2119 585 2200 accipite'.
630 2123 734 2182 Uerba
757 2143 845 2200 agere
860 2125 959 2198 prr‘mo
990 2125 1023 2181 de
1052 2124 1171 2181 interitu
1195 2121 1278 2196 Lupi

177 2223 325 2281 cucicsdam
349 2225 430 2280 ducis
452 2225 483 2280 c'n
503 2224 661 2299 republica,
678 2232 778 2300 postea
798 2226 951 2283 sententias
965 2227 1060 2282 dicere
1084 2224 1273 2301 ineptissima

176 2343 246 2382 esse
276 2325 369 2382 miror
400 2326 553 2383 neminem
586 2327 740 2385 editorum
774 2328 815 2386 ad
848 2327 927 2385 hunc
963 2327 1064 2384 locum
1097 2325 1273 2384 adnotasse.

176 2408 276 2500 litque
300 2427 399 2484 editor
420 2428 561 2503 princeps
590 2428 692 2489 adh.
716 2429 735 2488 l.
769 2429 843 2486 dicit
872 2430 935 2485 deos
958 2428 1087 2502 primum
1114 2427 1275 2484 consultare

177 2528 351 2602 recogitare
375 2529 408 2585 dc
430 2531 549 2587 c'rcterilu
573 2530 662 2605 Lupi,
679 2510 777 2606 postca
800 2537 892 2588 aulem
913 2531 1046 2606 singulos
1068 2529 1143 2585 ricler
1163 2546 1193 2584 re
1213 2545 1274 2584 sen-

175 2629 279 2685 tentias
301 2623 441 2707 dz'cere²):
465 2649 544 2707 quae
568 2633 664 2690 uerba
687 2651 750 2690 non
773 2633 869 2691 Seruii
896 2634 953 2690 sed
975 2630 1103 2689 Dousae
1129 2611 1275 2687 suntne·

176 2748 236 2805 que
269 2749 323 2788 cur
344 2733 495 2790 eiusmodi
529 2734 688 2792 concilium
720 2736 848 2793 deorum
881 2733 1039 2810 indignum
1075 2732 1115 2790 sit
1150 2731 1274 2788 heroico

177 2832 313 2888 carmine
338 2833 529 2909 intellegitur.
573 2833 659 2892 Deos
683 2834 804 2893 Seruius
827 2835 900 2892 dicit
927 2835 1022 2908 premo
1056 2852 1153 2908 agere,
1173 2837 1275 2907 postea
1302 2901 1304 2906 Ι

175 2933 330 2989 sententias
352 2934 458 2993 dicere:
489 2953 528 2991 an
561 2936 638 2992 inter
671 2937 827 3010 agendum
860 2935 1029 2992 sententias
1056 2953 1119 2993 non
1149 2929 1273 2993 dicunt?

175 3032 247 3104 Quo
272 3033 405 3109 denique
426 3035 520 3092 modo
543 3044 638 3111 agunt
666 3037 705 3093 de
728 3036 805 3111 Lupi
836 3044 936 3093 morte
958 3034 1014 3092 nisi
1037 3035 1204 3093 sententias
1229 3033 1274 3090 di·

177 3129 300 3190 cundo?
321 3133 431 3191 Uerbis
447 3141 548 3207 postea
569 3137 724 3192 sententias
746 3135 838 3193 dicere
857 3153 990 3194 necesse
1017 3142 1064 3193 est
1092 3134 1275 3210 significetur

175 3235 208 3292 id
230 3236 314 3310 quod
337 3237 492 3294 actionem
512 3237 543 3294 in
566 3237 694 3295 concilio
717 3238 861 3312 sequitur,
885 3237 1044 3313 indignum
1059 3254 1136 3296 sane
1150 3236 1274 3294 heroico

176 3335 320 3404 carmine,
345 3336 465 3394 satirico
489 3338 614 3396 carmini
637 3337 839 3414 aptissimum:
861 3339 946 3414 quod
969 3357 1019 3395 me
1035 3337 1159 3414 quidem
1174 3338 1274 3395 iudice

176 3435 249 3492 nihil
271 3435 353 3494 aliud
374 3445 479 3512 potest
501 3457 572 3496 esse
594 3440 652 3497 nisi
674 3439 808 3514 suffragii
822 3439 906 3498 latio.
950 3438 1010 3496 Dei
1032 3441 1116 3514 apud
1128 3437 1273 3497 Lucilium

174 3536 272 3612 primo
293 3546 388 3612 agunt
410 3539 451 3596 de
474 3540 596 3598 interitu
618 3541 706 3618 Lupi,
739 3548 850 3617 postea
873 3541 1042 3599 sententias
1071 3541 1112 3597 de
1141 3558 1180 3598 eo
1204 3541 1278 3597 dant

177 3730 374 3737 .———-...

277 3847 295 3910 ¹)
315 3850 369 3913 U3
389 3852 439 3913 L4
453 3853 495 3900 M:
516 3851 667 3903 ‘consilium
687 3855 794 3904 summis
813 3855 950 3904 hominum
976 3854 1009 3903 de
1028 3854 1108 3904 rebus
1127 3854 1274 3906 habebant'

174 3942 239 4000 puto
257 3939 435 4002 praecessisse
456 3940 613 3990 mentionem
633 3941 749 4008 Olympi,
772 3943 809 3991 ita
832 3950 860 3992 ut
883 3959 908 3993 u.
930 3943 1089 3992 antecedens
1108 3944 1201 3993 exierit
1219 3945 1273 3994 sere

173 4025 201 4074 in
218 4027 301 4076 uerba
319 4027 376 4077 ‘ubi
394 4029 495 4094 saepe.’
523 4030 593 4079 Nam
613 4030 646 4080 de
664 4032 734 4097 Lupi
752 4031 858 4081 interitu
873 4032 983 4081 deorum
996 4031 1134 4082 consilium
1152 4033 1273 4084 habetur.

276 4113 295 4178 ²)
315 4115 400 4180 Quem
417 4117 522 4168 uidetur
540 4117 616 4182 sequi
633 4119 736 4169 Becker
756 4119 785 4168 in
803 4119 905 4169 Philol.
925 4120 951 4169 V
969 4135 995 4186 p.
1015 4131 1076 4185 727.
