2980 4752
748 204 786 276 58

219 390 283 448 siue
295 389 407 469 serunt
427 406 548 458 omncs;
577 389 638 447 hoc
666 389 737 464 quia
759 389 918 463 indignum
949 397 1014 446 erat
1036 389 1158 446 heroico
1182 388 1315 446 carmine

219 490 347 548 mutauit
370 488 517 564 Uergilius
540 489 591 560 ita,
614 497 648 546 ut
670 491 797 546 deortun
819 506 924 546 eorum
946 489 997 564 qui
1018 488 1113 546 uerba
1128 489 1243 546 faciunt
1265 504 1314 545 se·

219 607 315 667 quens
339 592 465 666 quisque
489 599 591 648 orator
612 589 731 648 refellat
753 592 1002 659 antecedentem,
1026 591 1222 648 uincatlouis
1245 608 1317 647 sen·

220 692 314 749 tentia
346 700 492 752 extrema.
537 689 654 749 Contra
686 691 791 749 iocose
815 691 947 749 Lucilius
977 692 1127 749 rationem
1160 701 1213 750 aut
1243 711 1316 750 con-

218 793 335 850 tionum
356 801 410 850 aut
430 793 610 851 iudiciorum
632 801 684 850 aut
705 800 831 850 senatus
847 793 980 851 Romani
1001 793 1166 868 adplicauit
1182 792 1314 869 Olympo

219 895 297 953 sicut
318 896 401 971 apud
417 895 586 953 Lucianum
600 895 786 952 inducuntur
807 895 839 950 di
861 893 974 951 habere
990 895 1152 952 concilium
1175 904 1206 953 et
1219 913 1314 970 agere

218 996 314 1072 primo
338 997 377 1053 de
407 997 452 1054 dis
486 997 592 1072 spuriis
616 995 747 1071 Olympo
775 996 946 1064 mouendis,
977 1005 1088 1072 postea
1121 998 1161 1055 de
1195 997 1253 1055 hac
1284 1016 1317 1055 re

219 1097 360 1172 suffragia
394 1098 484 1155 dare:
519 1097 599 1156 conf.
634 1096 757 1154 Lucian
781 1097 866 1155 deor.
901 1113 988 1156 conc.
1014 1114 1060 1172 19,
1094 1099 1145 1155 ubi
1167 1098 1316 1173 Iuppiter:

218 1194 435 1259 Δικαιότατον
457 1193 617 1274 ῶΜῶμε·
641 1194 693 1258 καὶ
716 1193 781 1276 ὅτῳ
804 1196 891 1257 δοκεῖ
912 1191 967 1274 (sc.
991 1193 1029 1257 rb
1040 1193 1217 1274 ψήφισμα),
1241 1194 1318 1259 ἀνα-

217 1294 350 1359 τεινάτω
373 1297 431 1373 τὴν
453 1299 553 1375 χεῖρα.
589 1295 724 1359 Μᾶλλον
746 1295 782 1358 δὲ
805 1292 890 1358 οὕτω
912 1294 1068 1370 γινέσθω’
1102 1294 1233 1374 πλείους
1255 1297 1318 1376 γὰρ

219 1395 281 1460 οἶδ’
305 1395 354 1460 ὅτι
376 1396 508 1461 ἔσονται
530 1396 560 1459 οἱ
583 1397 623 1474 μὴ
640 1394 936 1475 χειροτονήσοντες.
974 1397 1083 1475 Neque
1102 1401 1185 1458 aliter
1197 1401 1228 1457 in
1244 1420 1320 1476 apo-

219 1502 408 1577 colocyntosi
430 1501 570 1560 Senecae
597 1517 642 1558 11.
687 1501 728 1558 At
757 1500 858 1557 uerbis
879 1501 1034 1556 sententiar
1067 1501 1157 1558 dicere
1188 1502 1320 1576 suffragii

218 1603 291 1660 latio
317 1603 477 1678 significari
503 1622 567 1660 non
596 1610 712 1678 potest:
747 1602 828 1658 aliud
861 1601 941 1658 enim
964 1610 1011 1658 est
1043 1603 1212 1660 sententias
1242 1605 1317 1661 dare

219 1704 284 1761 siue
312 1703 391 1762 ferre
416 1701 490 1780 (Cic.
517 1702 635 1761 Cluent.
661 1703 715 1778 75)
750 1704 829 1760 aliud
852 1703 1020 1761 sententias
1044 1704 1161 1763 dicere:
1195 1703 1255 1760 hoc
1277 1707 1319 1761 ad

221 1805 472 1863 deliberationem
493 1805 592 1880 ipsam
614 1804 755 1879 pertinet,
779 1803 853 1861 illud
873 1822 936 1860 non
958 1805 1106 1879 pertinet:
1137 1806 1233 1863 uerba
1254 1825 1318 1862 sen-

220 1907 324 1963 tentias
348 1907 441 1964 dicere
464 1915 603 1980 corrupta
626 1913 705 1964 sunt.
750 1902 859 1960 Uerbis
882 1904 975 1961 Seruii
996 1905 1201 1981 scdleocquia
1217 1908 1319 1982 indig-

220 2025 287 2063 num
309 2014 374 2063 erat
392 2007 476 2064 heroo
498 2007 627 2063 carmine
649 2023 729 2082 quae
753 2005 818 2062 sine
841 2005 934 2062 dubio
957 2023 1021 2062 non
1043 2007 1084 2064 ad
1106 2025 1170 2063 rem
1196 2009 1235 2064 de
1257 2025 1319 2084 qua

220 2108 319 2182 agitur
340 2109 396 2164 sed
419 2108 459 2164 ad
480 2107 631 2163 rationem
653 2123 713 2181 qua
736 2106 767 2162 in
791 2097 914 2180 agendo
938 2115 1063 2164 utuntur
1084 2109 1247 2183 pertinent,
1271 2109 1319 2164 in·

221 2209 337 2266 dicatur
365 2208 450 2265 iocus
474 2207 580 2284 aliquis
608 2207 726 2266 Lucilii:
758 2215 833 2282 puto
859 2216 986 2283 poetam
1017 2225 1087 2266 esse
1113 2209 1263 2267 imitatum
1286 2209 1319 2266 id

220 2310 380 2368 concilium
401 2310 481 2367 urbis
504 2309 631 2384 patriae,
654 2309 737 2370 cuius¹
758 2309 926 2385 principem
948 2310 1009 2368 hoc
1031 2311 1097 2386 ipso
1121 2311 1252 2369 concilio
1276 2311 1319 2368 la-

219 2411 314 2468 cerari
337 2411 465 2480 finxerit,
484 2419 624 2468 senatrun
646 2411 749 2486 populi
772 2410 913 2479 Romani,
940 2418 974 2467 ut
997 2412 1118 2469 Seneca
1148 2413 1179 2468 in
1200 2411 1319 2488 Menip-

217 2529 286 2587 pea.
330 2509 551 2587 Corrigendum
573 2519 662 2586 puto:
685 2506 754 2568 ‘ubi
769 2512 953 2569 inducuntur
975 2512 1006 2568 di
1022 2512 1138 2569 habere
1153 2513 1319 2570 concilium

219 2619 251 2668 et
273 2629 365 2686 agere
386 2614 481 2686 primo
509 2614 549 2668 de
582 2613 704 2669 interitu
725 2611 804 2687 Lupi
835 2613 993 2670 cuiusdam
1017 2659 1023 2671 .
1049 2658 1055 2671 .
1081 2621 1174 2687 ,φατέ
1202 2615 1232 2670 in
1253 2634 1319 2672 sen-

218 2714 323 2770 tentius
345 2714 495 2772 discedere.
539 2712 602 2795 Sed
624 2712 683 2771 hoc
706 2714 776 2791 quia
798 2714 956 2787 indignum
980 2723 1045 2771 erat
1067 2714 1162 2772 heroo
1186 2717 1319 2786 carmine

216 2815 350 2872 mutauit
382 2823 414 2871 et
446 2815 564 2872 induxit
589 2815 686 2889 primo
720 2815 898 2890 loquentem
929 2815 1036 2872 Iouem
1070 2817 1110 2873 de
1143 2817 1319 2894 interruptis

219 2915 391 2973 foederibus
425 2917 507 2974 cuius
531 2917 702 2974 orationem
731 2917 889 2992 interrupit
911 2915 1028 2985 UenuS,
1050 2924 1122 2992 post
1142 2927 1249 2976 secuta
1271 2918 1320 2976 lu-

218 3016 306 3073 nonis
328 3017 423 3074 nerba
445 3025 515 3074 sunt
536 3018 645 3094 quibus
676 3019 830 3092 redarguit
852 3013 1020 3076 Uenerem'
1048 3037 1075 3076 e.
1100 3038 1128 3095 q.
1152 3037 1177 3077 S.
1222 3019 1319 3077 Sena-

218 3126 300 3173 tores
324 3135 392 3174 cum
412 3118 567 3176 desierant
609 3121 776 3176 secedentium
799 3120 893 3176 dicere
915 3125 941 3175 et
962 3120 1112 3193 dripularc
1134 3114 1217 3198 (Seu.
1242 3138 1317 3196 apo·

219 3218 277 3275 col.
300 3213 345 3292 9),
367 3218 399 3274 in
422 3219 590 3275 sententias
614 3219 831 3278 discedebant:
855 3221 939 3296 quod
962 3238 1031 3277 cum
1055 3221 1248 3279 notissimum
1270 3221 1319 3288 sit,

219 3317 346 3376 sufficiat
379 3337 535 3376 arcessere
557 3319 728 3378 Uarronem
755 3323 840 3396 apud
860 3320 938 3379 Geli.
963 3321 1008 3378 ΙΙΙ
1036 3322 1082 3390 18,
1105 3322 1142 3382 6:
1172 3317 1264 3381 ‘Nam
1287 3332 1319 3379 et

219 3421 369 3478 curulibus
391 3420 616 3495 magistratibus
638 3421 734 3479 functi
757 3467 763 3481 .
788 3467 795 3480 .
820 3467 826 3480 .
850 3440 913 3479 non
933 3423 1119 3496 rogabantur
1136 3425 1313 3491 sententias,

219 3523 275 3578 sed
298 3539 375 3596 quas
390 3522 542 3597 principes
565 3523 715 3590 dixerant,
738 3523 768 3579 in
797 3541 851 3580 eas
874 3521 1119 3600 discedebant1).
1163 3525 1212 3582 Sic
1236 3526 1320 3600 apud

220 3622 371 3680 Senecam
404 3623 434 3679 in
466 3623 596 3682 concilio
628 3625 768 3712 deorum·
790 3624 821 3681 di
854 3625 982 3682 audiunt
996 3619 1133 3702 patrcr²)
1165 3626 1323 3700 conscripti

316 3779 343 3843 ¹)
363 3780 437 3830 Cous.
452 3779 523 3830 Gell.
536 3782 608 3830 XIV
621 3793 645 3845 7,
663 3793 693 3844 13
711 3781 818 3832 Suetou.
839 3781 899 3831 Tib.
912 3794 954 3844 31.
973 3783 1032 3832 Liu.
1046 3784 1087 3832 IlI
1100 3795 1166 3845 41,1
1190 3783 1319 3832 XXVIII

219 3880 263 3934 45,
284 3881 307 3933 5.
344 3871 436 3932 Lange
453 3871 550 3919 Roem.
569 3870 685 3920 Alterth.
705 3871 733 3918 II
750 3886 776 3936 p.
796 3882 857 3935 353.

319 3957 339 4020 ²)
357 3959 418 4007 Huc
443 3958 520 4008 etiarn
544 3959 642 4008 reseras
665 3974 759 4007 uersus
788 3959 849 4008 illos
877 3960 973 4024 quibus
1004 3961 1038 4009 de
1063 3960 1219 4023 cognomine
1234 3967 1318 4026 pater

219 4047 303 4110 agitur
322 4063 400 4113 supra
419 4047 521 4096 allatos.
541 4047 701 4097 Bouterwek
720 4047 783 4096 mire
802 4054 875 4112 putat
895 4047 1036 4112 significari
1055 4049 1143 4098 uerbis
1160 4049 1246 4100 Seruii
1265 4049 1318 4098 duo

220 4135 332 4186 coucilia
350 4137 461 4186 deorum
479 4136 496 4186 l.
518 4135 535 4189 l.
555 4152 580 4203 p.
603 4147 663 4200 339.
