2980 4752
730 276 784 318 102

309 449 346 507 X.
369 448 444 506 Hor.
469 457 560 505 carm.
582 446 596 502 1
619 463 637 520 3
660 464 710 506 uu.
738 446 816 503 1-8
851 464 920 503 cum
954 446 1099 503 scriberet
1126 447 1309 505 meminerat

209 550 356 626 Meleagri
377 547 605 625 epigrammatis
629 547 665 604 Α.
691 546 723 605 Ρ.
748 547 806 604 XII
829 561 877 620 52.

307 650 359 708 XI.
385 651 421 708 In
444 649 532 707 titulo
554 647 707 706 Lesbiaco
735 649 766 705 in
789 647 900 707 Caueri
923 648 1046 708 delectu
1081 649 1170 707 inser.
1195 649 1307 707 Graec.

210 766 267 825 1²3
291 749 320 808 D
343 764 381 824 37
406 748 516 825 supple
538 747 605 807 τῶν
629 743 800 820 ἀπογόνων
822 747 886 808 τῶν
911 743 1059 827 [κήν]ων.

306 850 374 910 XII.
397 848 601 908 Uusculorum
624 849 761 923 picturae
784 851 868 924 apud
882 849 1022 908 Iahnium
1037 850 1196 907 Archaeol.
1214 851 1305 911 Beitr.

207 953 269 1012 tab.
291 952 334 1009 VI
356 959 388 1010 et
411 953 494 1027 apud
517 949 693 1008 Welkerum
723 952 759 1009 Α.
783 950 821 1011 D.
841 951 887 1008 III
909 951 971 1012 tab.
994 952 1038 1008 XI
1061 953 1102 1009 ad
1135 946 1306 1030 (Aeschyli)

208 1054 375 1130 Sphingem
398 1052 532 1110 fabulam
552 1051 715 1128 satyricam
737 1052 911 1127 pertinent:
946 1053 1019 1110 item
1041 1071 1149 1112 omnes
1172 1054 1222 1111 ubi
1244 1053 1307 1112 Oe·

207 1156 297 1231 dipus
320 1154 509 1212 exaduersus
526 1152 696 1228 Sphingem
711 1171 775 1210 non
788 1161 872 1212 stans
888 1154 945 1210 sed
958 1155 1072 1211 sedens
1089 1155 1231 1230 depictus
1247 1165 1306 1214 est.

305 1255 387 1314 XIII.
419 1253 545 1313 Uasculi
581 1253 701 1329 pictura
741 1255 824 1330 apud
860 1254 1079 1312 Benndorfium
1117 1255 1238 1313 Grieoh.
1274 1274 1304 1315 u.

207 1356 287 1414 Sicil.
321 1355 457 1415 Uasenb.
494 1355 553 1413 tab.
579 1371 620 1428 44
655 1354 787 1432 exhibet·
804 1354 970 1414 Herculem
996 1356 1077 1414 Ioles
1110 1374 1235 1431 procum
1264 1357 1302 1413 ab

208 1458 321 1532 Euryto
344 1456 425 1513 foras
449 1455 601 1512 eiectum:
625 1454 759 1529 Eurytus
784 1455 864 1511 enim
888 1449 1029 1529 δείπνοὶς
1051 1443 1131 1528 ituit?
1155 1450 1195 1528 ἦν
1219 1454 1304 1535 ᾡνω·

207 1554 304 1632 μένος
328 1551 460 1632 ἔρριψεν
482 1552 576 1630 ἐκτὸς
602 1549 702 1615 αὐτόν
724 1555 895 1612 secundum
918 1554 1010 1630 Soph.
1036 1556 1146 1613 Trach.
1168 1575 1196 1616 u.
1222 1555 1290 1613 268.

305 1657 389 1716 XIV.
414 1657 603 1715 Gladiatoris
626 1656 827 1731 Borghesiani
853 1656 904 1730 qui
929 1656 1039 1714 dIcitur
1061 1656 1170 1732 σχῆμα
1192 1675 1211 1713 a
1232 1656 1307 1714 Nio-

209 1760 264 1816 bes
287 1759 336 1817 filii
364 1759 459 1818 sorori
487 1757 688 1816 succurrentis
719 1758 886 1814 deductum
910 1765 970 1814 est:
1007 1757 1173 1835 archetypo
1200 1766 1306 1816 tamen

209 1860 335 1935 propius
359 1859 489 1929 accedit,
520 1875 612 1936 quam
639 1857 691 1916 illa
712 1865 814 1915 statua
836 1856 885 1914 filii
908 1857 1023 1915 Niobes
1045 1858 1147 1916 adhuc
1171 1867 1305 1918 seruata.
