2998 4744
739 189 754 232 2

194 359 359 419 illustratur
377 359 427 420 hic
449 360 557 418 Lucilii
579 379 608 419 u.
633 358 840 434 descriptione
856 357 981 417 Tatiani
1000 359 1070 419 adu.
1088 358 1140 420 Gr.
1155 377 1221 435 cap.
1240 375 1294 418 22:

193 457 422 537 ῥιναυλοῦσι
444 459 484 522 τὰ
503 458 630 537 αἰσχρὰ,
653 461 813 523 κινοῦνται
830 457 865 521 δὲ
888 456 1030 535 κινήσεις
1053 456 1092 535 ἃς
1115 457 1175 522 οὐκ
1197 457 1295 537 ἐχρῆν

191 558 342 638 καὶτοὺς
365 557 457 637 ὅπως
480 562 530 623 δεῖ
552 558 711 638 μοιχεύειν
734 557 786 621 ἐπὶ
808 559 866 636 τῆς
889 559 1012 635 σκηνῆς
1034 558 1294 637 σοφιστεύοντος

192 659 224 724 αἱ
247 661 419 740 θυγατέρες
441 659 531 740 ἡμῶν
558 660 609 724 καὶ
631 659 661 725 ol
690 663 805 737 παῖδες
827 662 1007 736 θεωροῦσιν
1038 671 1070 720 et
1090 661 1185 723 Clem.
1208 665 1294 724 Alex.

191 766 323 840 paedag.
344 766 437 843 1114,
462 782 515 840 29:
553 761 803 840 παρεισρέουσιν
831 760 867 825 δὲ
899 759 995 825 ἔνδον
1022 760 1173 825 κιναίδων
1203 759 1295 840 ὄχλοι

191 863 390 942 ...μοιχείας
413 861 564 942 διάκονοι,
588 863 780 942 κιχλίῑοντες
797 863 849 927 καλ
864 862 1085 940 ψιθυρίζοντες
1098 863 1150 926 καὶ
1165 862 1202 926 τὸ
1217 883 1295 942 πορ-

190 964 280 1028 νικὸν
293 963 411 1042 ἀνέδην
426 963 472 1042 εἰς
488 962 660 1040 ἀσέλγειαν
682 963 744 1027 διὰ
767 961 888 1041 ῥινῶν
904 962 1197 1041 ἐπιψοφοῦντες
1220 963 1295 1027 ἐπι-

191 1065 427 1144 κιναίδισμα,
451 1064 646 1144 ἀκολάστοις
668 1064 792 1145 ῥήμασι
807 1066 859 1130 καὶ
871 1066 1014 1145 σχήμασι
1035 1067 1162 1145 τέρπειν
1183 1068 1296 1146 πειρώ-

192 1186 280 1245 μενοι
302 1167 354 1230 καὶ
375 1165 422 1245 εἰς
444 1168 570 1243 γέλωτα
584 1167 812 1246 ἐκκαλούμενοι
826 1167 981 1247 πορνείας
998 1167 1200 1246 πρόδρομον·
1225 1168 1294 1234 ἔστι

191 1264 219 1331 δ’
241 1267 296 1332 ὅτε
319 1269 370 1332 καὶ
393 1267 637 1347 ὑπεκκαιόμενοι
649 1269 701 1333 διὰ
714 1269 772 1347 τὴν
783 1273 948 1347 τυχοῦσαν
964 1268 1064 1348 ὀργὴν
1086 1268 1157 1347 ἤτοι
1179 1269 1294 1349 πόρνοι

192 1367 284 1433 αὐτοὶ
309 1368 328 1446 ἢ
358 1371 409 1434 καὶ
442 1370 591 1435 κιναίδων
621 1368 720 1449 ὄχλον
749 1369 795 1448 εἰς
829 1368 966 1449 ὄλεθρον
990 1370 1188 1451 ἐξηλωκότες
1220 1372 1293 1435 ἐπι·

190 1473 380 1548 κροτοῦσι
409 1476 452 1553 τῇ
488 1469 569 1549 ρινλ
604 1469 811 1550 βατράχων
844 1470 954 1548 δίκην
989 1470 1135 1549 καθάπερ
1167 1470 1293 1537 ἔνοικον

189 1573 260 1649 τοῖς
292 1575 446 1650 μυκτῆρσι
474 1573 532 1649 τὴν
561 1573 662 1651 χολὴν
695 1573 890 1651 κεκτημένοι.
944 1575 1050 1634 Ranas
1079 1577 1109 1634 in
1141 1586 1220 1634 terra
1247 1595 1294 1634 se·

191 1676 302 1733 dentes
332 1678 477 1733 continuo
505 1685 646 1735 aestuare
676 1686 709 1735 ut
738 1678 839 1752 pisces
872 1679 990 1736 eiectos
1021 1694 1113 1735 nemo
1145 1695 1209 1735 non
1240 1678 1293 1735 ob·

191 1777 335 1835 seruauit.

641 2010 840 2019 *-

291 2182 383 2240 Libro
405 2181 477 2239 VIII
500 2199 528 2243 u.
556 2196 612 2258 271
636 2181 662 2240 L
687 2197 702 2259 7
726 2183 759 2241 M
789 2201 895 2242 uersus
924 2185 1162 2244 obscenissimus
1185 2187 1293 2264 triplici

191 2283 287 2342 forma
310 2284 438 2341 traditus
461 2291 528 2360 est3
551 2301 642 2360 quem
666 2283 832 2361 Porphyrio
855 2287 979 2361 quidem
1000 2288 1129 2362 praebet
1150 2289 1258 2348 talem:

274 2403 293 2440 a
316 2385 402 2441 laeua
424 2384 562 2443 lacrimas
583 2386 715 2443 muttoni
738 2387 931 2462 abstergeret
955 2389 1052 2444 amIca

190 2485 320 2544 Acronis
351 2487 453 2544 codex
478 2485 632 2544 ParisInus
652 2504 672 2559 γ
693 2487 848 2545 Hauthalii
870 2486 1000 2563 praebet
1023 2488 1120 2556 laeua,
1152 2487 1292 2546 Guelfer-

189 2587 326 2647 bitanus:

274 2689 352 2744 laeso
373 2689 431 2744 iam
454 2688 593 2745 lacrimas
615 2689 748 2745 muttoni
770 2688 929 2764 absterget
951 2688 1049 2746 amica

190 2797 413 2846 commentator
434 2789 567 2864 denique
590 2786 783 2864 Cruquianus
806 2789 899 2846 habet

276 2889 343 2946 lena
364 2909 452 2946 manu
474 2890 612 2948 lacrimas
631 2891 763 2948 muttoni
783 2892 940 2966 absterget
964 2891 1071 2953 amica.

289 2991 388 3048 Recte
410 2999 443 3048 ut
465 2991 612 3066 eligamus
641 2993 720 3050 inter
743 2991 799 3052 has
833 3001 895 3051 tres
926 2995 1100 3069 scripturas,
1132 2996 1291 3072 plurimum

190 3091 273 3150 ualet
296 3100 380 3149 recta
406 3092 501 3148 totius
534 3091 697 3166 fragmenti
722 3093 944 3168 interpretatio,
978 3096 1019 3151 ad
1053 3111 1145 3168 quam
1175 3093 1291 3169 aliquid

190 3193 299 3252 afferre
319 3209 412 3268 posse
434 3190 506 3249 mihi
529 3191 646 3251 uideor.
691 3191 802 3268 Turpis
824 3194 855 3249 ni
878 3192 966 3250 fallor
993 3193 1153 3251 translati0
1176 3193 1209 3250 fit
1231 3194 1291 3252 hoc

190 3312 292 3362 uersu,
314 3294 401 3369 penis
422 3292 545 3368 plorans
566 3293 746 3352 foedissimo
767 3311 859 3352 sensu
881 3293 1035 3352 inducitur
1056 3311 1075 3350 a
1090 3301 1185 3369 poeta
1205 3293 1291 3368 quasi

190 3396 292 3473 homo,
327 3403 361 3452 ut
382 3393 529 3452 Horatius
561 3412 599 3451 eo
619 3393 698 3463 loco,
732 3397 774 3452 ad
796 3413 888 3471 quem
921 3394 1140 3470 eprIeandum
1171 3401 1292 3452 ueteres

190 3497 271 3554 hunc
292 3495 400 3554 Lucilii
422 3513 544 3553 uersum
568 3513 741 3572 apposuere
764 3495 835 3568 (sat.
858 3495 872 3553 Ι
897 3512 924 3565 2,
948 3495 1016 3570 68):

273 3595 354 3655 Huic
373 3597 399 3656 si
419 3597 564 3654 muttonIs
586 3596 687 3654 uerbis
711 3597 792 3654 mala
814 3605 901 3655 tanta
921 3599 1055 3656 uidentis

272 3695 400 3756 Diceret
421 3696 500 3754 haec
521 3698 640 3755 animus
663 3714 691 3758 α.
713 3713 742 3771 q.
766 3714 790 3756 s.

190 3795 299 3871 Neque
320 3797 428 3854 melius
451 3797 510 3854 hoc
536 3797 664 3854 uerbum
686 3790 853 3856 ‘lacrimas’
880 3798 1028 3856 illustrare
1049 3811 1176 3872 possum
1199 3813 1292 3871 quam

191 3897 292 3956 uerbis
314 3897 415 3956 Boetii
438 3900 478 3956 de
502 3897 684 3956 diffinitione
707 3891 827 3976 (MIgne
849 3901 957 3974 patrol.
981 3899 1041 3958 uol.
1064 3894 1105 3970 64
1126 3914 1157 3972 p.
1174 3910 1235 3971 904
1247 3889 1291 3974 D)

190 3999 303 4057 allatis:
327 3992 454 4074 ‘Turpis
477 4000 635 4058 translatio
654 3998 688 4057 fit
709 3999 832 4056 duobus
857 3999 958 4058 modis
982 4015 1050 4056 cum
1078 3995 1209 4055 honesta
1230 4004 1292 4053 tur·

189 4099 277 4175 pibus
299 4098 463 4158 diffinImus
497 4109 551 4158 aut
582 4101 684 4176 turpia
717 4100 855 4159 honestis
879 4109 912 4158 ut
945 4101 970 4158 si
997 4099 1064 4176 quis
1086 4096 1292 4176 patrationem
