2998 4744
742 223 782 271 20

212 388 308 458 Oleae
331 394 461 458 trublion
483 412 538 476 pro
562 397 631 457 cibo
655 399 779 457 modico
802 397 897 458 Plaut.
920 396 1012 459 Stich.
1037 394 1066 455 V
1088 413 1117 472 4,
1130 412 1159 474 ρ,
1181 394 1313 457 familiae

211 503 443 576 pulmentarium
467 500 534 562 Cat.
558 503 588 561 d.
610 520 632 561 r.
654 519 677 560 r.
691 500 745 575 58:
767 503 931 576 praecipue
953 501 1033 561 conf.
1050 499 1127 561 Plut.
1151 503 1191 560 de
1214 511 1312 578 tranq.

212 619 295 677 an.3
321 600 409 678 (mor.
420 622 449 678 p.
464 601 525 675 466
539 600 597 676 Dl:
630 596 668 662 ‘0
683 599 745 677 γὰρ
767 600 843 677 χθὲς
866 599 915 682 ᾡά
937 599 989 662 καὶ
1011 597 1126 678 ἀμύλια
1148 599 1200 664 καλ
1215 599 1314 677 σητά-

210 719 298 764 νειον
328 699 428 778 ἄρτον
459 699 622 764 διαπτύων
651 700 792 778 τήμερον
820 699 1047 778 αὐτόπυρον
1078 698 1132 764 ἐπ’
1162 700 1312 779 ἐλαίαις

210 799 229 878 ἢ
253 802 461 880 καρδαμίδι
483 805 617 865 σιτεῖται
631 803 822 879 προσφιλῶς
845 801 897 863 καὶ
910 800 1082 879 προθύμως
1094 803 1125 879 Ι).
1154 803 1313 864 Cuminum

212 907 296 981 quod
317 907 364 963 hic
385 907 457 982 pani
487 907 608 964 accedit
636 907 866 964 condimentum
888 907 965 964 sicut
993 907 1052 963 illic
1078 908 1238 976 cardamis,
1265 924 1313 965 res

210 1006 363 1075 uilissima,
399 1016 431 1064 ut
453 1009 546 1064 uerba
574 1009 690 1064 comica
713 1003 933 1082 κυμινοκίμβιξ,
967 1009 1314 1082 κυμινοπριστοκαρδα-

211 1104 378 1184 μογλύφος
413 1127 537 1166 auarum
570 1107 771 1184 significantia
799 1116 961 1168 testantur:
996 1127 1097 1184 neque
1129 1127 1202 1167 uero
1235 1109 1313 1167 sales

212 1229 267 1287 pro
292 1213 491 1269 condimento
514 1211 659 1268 uilissimo
681 1210 839 1280 habentur,
869 1219 902 1268 ut
925 1209 997 1269 Luc.
1020 1210 1098 1267 Tim.
1124 1209 1163 1283 56
1186 1212 1315 1268 demon·

210 1319 294 1370 strat.
339 1311 498 1371 Postremo
522 1313 596 1389 cogit
614 1331 669 1388 pro
692 1312 805 1369 tradito
828 1313 922 1386 coegit
934 1310 1024 1387 posui
1045 1312 1176 1369 numeris
1199 1321 1232 1369 et
1243 1329 1314 1370 sen·

211 1414 308 1471 tentia
332 1415 521 1490 cogentibus.
568 1413 740 1494 Perfectum
762 1414 844 1470 enim
858 1414 908 1471 uix
931 1421 1035 1489 aptum
1057 1422 1113 1473 est.

665 1631 863 1638 -.-...-

309 1781 401 1841 Libro
425 1782 484 1840 XV
505 1799 567 1858 443
591 1783 616 1840 L
642 1799 680 1858 3²
707 1783 740 1840 M

296 1883 351 1939 scit
374 1883 537 1958 poeeticon
560 1899 640 1952 esse,
663 1884 749 1940 uidet
771 1892 844 1958 toga
866 1892 899 1940 et
920 1883 1021 1940 tunica
1045 1882 1118 1957 quid
1139 1882 1177 1938 sit

212 1981 341 2039 Mueller
365 1985 509 2058 polelr'con
541 1983 669 2058 scripsit,
693 1985 777 2060 quod
807 1993 887 2040 recte
916 1983 1027 2040 refutat
1051 1982 1156 2039 Keller
1181 1982 1212 2038 in
1234 1981 1313 2042 Mur.

211 2081 310 2141 Rhen.
331 2083 434 2141 XXXI
462 2103 492 2160 p.
522 2100 593 2158 143;
631 2085 681 2160 qui
696 2086 842 2160 poeelr‘con
877 2085 917 2141 ad
939 2083 1048 2158 poesin
1072 2083 1164 2140 refert
1194 2083 1313 2158 dicique

211 2191 310 2258 putat:
353 2183 416 2241 Der
439 2184 541 2242 Weise
571 2186 660 2243 weiss
686 2184 842 2242 Wahrheit
874 2186 938 2242 und
964 2183 1119 2261 Dichtung
1146 2204 1183 2243 zu
1213 2193 1314 2242 unter-

212 2284 369 2354 scheiden,
398 2303 430 2342 er
451 2287 548 2355 weiss,
574 2302 635 2343 was
658 2285 722 2343 Hut
749 2286 789 2343 ist
809 2288 875 2343 und
896 2303 957 2343 was
980 2281 1114 2346 Haube'.
1158 2285 1227 2343 Hoc
1249 2285 1314 2362 qui·

212 2386 285 2442 dem
306 2403 370 2442 non
392 2395 484 2444 recte.
522 2387 710 2445 Sententiam
730 2386 890 2462 intelleges
913 2387 938 2444 si
954 2385 1177 2462 comparaueris
1193 2386 1314 2445 Alexid.

210 2479 254 2563 (3.
277 2485 337 2560 382
361 2483 486 2565 Mein.):

295 2580 408 2661 Λέγεις
429 2585 504 2663 περὶ
523 2583 569 2648 ῶν
592 2585 651 2648 οὐκ
673 2583 780 2664 οἶσθα,
804 2587 970 2662 συγγενῶς
992 2584 1116 2662 τρέχων

292 2682 444 2748 Πλάτωνι
466 2685 518 2748 καὶ
539 2684 658 2760 γνώσει
681 2686 790 2764 λίτρον
812 2686 864 2749 καὶ
886 2685 1094 2764 κρόμμυονῑ).

210 2785 303 2843 Ludit
336 2788 424 2862 igitur
444 2789 644 2865 philosophos
677 2791 807 2849 Lucilius
839 2791 972 2866 inprimis
1004 2790 1197 2848 Platonicos:
1233 2789 1314 2849 couf.

211 2902 290 2959 quae
313 2888 354 2944 de
378 2887 513 2946 Platonis
536 2890 654 2966 placitis
675 2892 770 2950 tradit
792 2890 1025 2963 Laert.11184:
1048 2886 1114 2965 Τῆς
1136 2886 1314 2965 ἐπιστήμης

212 2980 281 3060 εἴδη
306 2983 374 3047 ἐστὶ
396 2985 482 3063 τρία·
504 2987 543 3051 τὸ
565 2989 623 3067 μὲν
644 2988 706 3068 γάρ
727 2989 796 3053 ἐστι
818 2988 999 3068 πρακτικόν,
1021 2988 1059 3052 τὸ
1081 2989 1118 3053 δὲ
1139 2987 1316 3066 ποιητικόν,

208 3083 247 3147 τὸ
281 3085 316 3147 δὲ
339 3088 540 3164 θεωρητικόν.
585 3088 619 3153 Ἡ
655 3092 712 3168 μὲν
746 3090 809 3168 γὰρ
832 3089 1016 3169 οἰκοδομικὴ
1051 3090 1104 3153 καὶ
1136 3089 1314 3168 ναυπηγικὴ

211 3187 372 3263 ποιητικαί
394 3185 484 3252 εἰσιν.
528 3187 622 3254 Ἔστι
642 3191 705 3270 γὰρ
727 3190 836 3256 αὐτῶν
858 3190 938 3255 ἰδεῖν
960 3191 1057 3269 ἔργον
1083 3192 1315 3270 πεποιημένον·

209 3289 352 3366 πολιτικὴ
387 3291 423 3352 δὲ
455 3289 507 3354 καὶ
538 3291 691 3371 αὐλητικὴ
722 3293 775 3357 καὶ
797 3294 992 3372 κιθαριστικὴ
1028 3293 1079 3357 καὶ
1112 3291 1144 3357 αἱ
1171 3296 1316 3358 τοιαῦται

210 3391 398 3467 πρακτικαί·
428 3391 467 3455 οὐ
489 3391 551 3471 γάρ
578 3393 667 3457 ἐστιν
695 3394 793 3459 οὐδὲν
817 3393 896 3459 ἰδεῖν
918 3394 1035 3458 θεατὸν
1056 3394 1164 3458 αὐτῶν
1186 3414 1316 3472 πεποιη-

210 3491 315 3571 μένον,
339 3492 422 3560 ἀλλὰ
444 3494 623 3574 πράττουσί
643 3516 673 3559 τι
696 3547 702 3560 .
728 3547 735 3560 .
759 3547 765 3560 .
788 3496 860 3561 Τῶν
893 3494 957 3576 ἄρα
989 3496 1173 3575 ἐπιστημῶν
1203 3496 1235 3560 αἱ
1259 3497 1316 3576 μέν

212 3678 406 3688 ——-.——.,..

312 3796 330 3860 ¹)
349 3798 414 3847 Luc.
433 3798 497 3863 pise.
517 3811 559 3864 45.
583 3802 622 3851 far
647 3817 781 3852 acetosum
800 3802 892 3868 Cynici
910 3803 997 3853 cibus:
1026 3804 1102 3852 oleae
1120 3818 1167 3868 pro
1187 3802 1246 3851 cibo
1266 3801 1315 3852 uili

210 3885 298 3933 Laert.
319 3886 346 3933 11
368 3897 416 3948 129
446 3887 517 3939 Plut.
536 3889 570 3937 de
589 3890 664 3941 sarrit.
683 3905 769 3955 praec.
789 3904 872 3956 cap.7
892 3891 967 3955 (mor.
986 3907 1010 3956 p.
1030 3902 1077 3955 ης
1099 3889 1139 3956 F).
1176 3890 1255 3939 Panis
1270 3889 1315 3938 de·

210 3987 345 4032 cumanus,
365 3974 432 4024 sicut
443 3975 588 4026 decumana
599 3993 658 4036 oua,
679 3979 839 4027 decumanus
851 3979 988 4044 acipenser
1001 3979 1071 4044 apud
1081 3979 1223 4028 Lucilium:
1244 3977 1314 4042 apud

208 4060 373 4110 Macrobium
393 4064 434 4112 111
456 4075 495 4125 19,
516 4066 532 4114 6
551 4066 635 4130 pirum
655 4067 828 4118 decimanum.

310 4148 331 4214 ’ἢ
351 4151 428 4204 Conf.
438 4153 554 4218 Epicrat.
575 4166 599 4217 3,
610 4167 670 4220 370,
691 4155 736 4204 ubi
755 4155 892 4222 colocynta
911 4156 974 4221 quid
989 4155 1022 4204 sit
1032 4153 1162 4204 definiunt
1174 4153 1313 4204 Platonici.
