2980 4752
747 229 788 289 80

216 415 351 474 iucunde
373 431 482 474 cenam
505 414 704 490 producimus
727 415 810 472 illam
820 409 837 475 ³.
881 413 1014 474 Uersum
1049 423 1220 474 extremum
1250 433 1322 472 non

216 516 362 594 intellego
386 526 421 575 ut
443 517 564 593 Lipsius
588 516 639 573 alii
661 517 701 573 de
723 515 916 574 lectisterniis
937 516 1031 586 IouiS,
1063 517 1120 575 sed
1142 516 1321 576 ambrosiae

216 625 250 674 et
270 617 403 676 nectaris
437 616 534 675 instar
554 633 625 674 esse
652 615 755 674 cibum
788 616 862 673 dicit
884 615 1017 675 Lucilius
1054 634 1124 675 mea
1146 617 1320 674 sententia:

216 718 302 776 iocus
325 736 419 794 saepe
441 717 598 775 adhibitur
626 718 710 792 apud
732 718 965 776 Archestratum
985 715 1110 792 (Athen.
1136 718 1180 775 III
1199 737 1229 794 p.
1256 735 1314 774 111

217 817 354 895 FVIIp.
372 835 431 894 303
448 819 587 891 E505E
610 826 642 874 et
663 817 791 893 passim)
813 818 988 876 Matronem
1010 819 1162 893 parodum
1186 815 1318 893 (Athen.

216 917 260 976 IV
296 938 326 994 p.
365 922 422 993 130
454 921 481 978 A
515 914 670 995 κάραβος,
704 914 849 995 ἀστακὸς
888 914 979 996 αὖτε,
1018 916 1159 980 λιλαίετο
1188 915 1320 994 θωρήσ-

216 1022 333 1081 σεσθαι
355 1015 409 1082 Ἐν
433 1016 584 1096 μακάρων
607 1017 771 1097 δείπνοις),
794 1016 903 1096 Ζανὸς
916 1017 1087 1096 τρώγματα
1103 1022 1205 1079 cibum
1219 1039 1320 1097 quen-

218 1122 290 1180 dam
312 1121 497 1180 Philoxenus
530 1123 665 1198 appellat
698 1124 783 1197 apud
815 1122 926 1182 Athen.
950 1121 1023 1179 XIV
1050 1140 1079 1196 p.
1103 1121 1162 1196 643
1187 1123 1221 1184 B.
1266 1122 1317 1180 De

217 1225 336 1300 piscatu
370 1241 467 1281 cenae
497 1225 650 1300 exquisito
684 1224 784 1298 agitur
816 1243 844 1283 n.
880 1223 939 1298 378
973 1224 998 1281 L
1032 1222 1050 1280 8
1082 1224 1125 1294 M,
1159 1226 1198 1281 de
1232 1227 1318 1282 uasis

217 1325 358 1400 pretiosis
379 1344 408 1384 u.
433 1323 491 1398 382
526 1326 551 1383 L
583 1341 599 1399 5
627 1325 659 1383 M
695 1343 788 1400 quem
820 1342 944 1383 uersum
977 1325 1122 1384 collatum
1156 1343 1225 1383 cum
1251 1324 1316 1386 Cic.

217 1425 295 1488 Mur.
320 1442 358 1503 75
388 1428 441 1486 ubi
463 1428 570 1486 Aelius
593 1429 717 1486 Tubero
740 1435 885 1504 praetura
919 1428 1029 1485 dicitur
1062 1445 1132 1484 esse
1166 1428 1317 1502 deiectus

217 1528 289 1600 quia
313 1526 421 1585 Samiis
445 1529 527 1586 uasis
556 1529 707 1604 similique
731 1538 882 1605 apparatu
910 1528 1053 1603 exposito
1075 1528 1199 1584 nimiam
1220 1529 1318 1601 parsi·

217 1629 351 1686 moniam
373 1637 533 1687 ostentans
556 1629 718 1687 Aemiliani
739 1632 849 1688 mortui
872 1631 902 1686 in
926 1630 1075 1686 honorem
1096 1628 1211 1704 populo
1241 1646 1318 1702 epu-

217 1730 278 1786 lum
300 1729 449 1799 dedisset,
485 1739 567 1787 recte
590 1731 760 1806 intelleges.
804 1730 893 1787 Haec
926 1730 1030 1786 omnia
1064 1730 1203 1804 quamuis
1233 1731 1319 1785 tenui

217 1829 266 1886 filo
288 1831 367 1887 inter
394 1849 427 1888 se
451 1831 647 1889 cohaerentia
680 1833 705 1888 si
733 1840 816 1889 recte
849 1831 1008 1906 explicaui,
1040 1830 1127 1887 simili
1150 1830 1206 1889 suit
1228 1848 1317 1904 argu-

217 1939 322 1988 mento
344 1932 421 1989 liber
443 1932 514 1990 XIII
539 1941 632 2007 atque
653 1932 728 1992 Hor.
753 1941 810 1993 sat.
832 1931 860 1988 II
880 1949 910 2004 4.

319 2031 355 2092 U.
380 2033 440 2106 385
465 2034 490 2091 L
517 2048 551 2106 15
575 2033 608 2090 M

306 2195 309 2208 Ι
409 2131 480 2191 unu’
506 2135 602 2192 modo
627 2136 666 2191 de
688 2135 790 2191 multis
813 2134 865 2210 qui
890 2134 1013 2208 ingenio
1037 2135 1076 2191 sit

219 2234 354 2291 Lucilius
378 2229 505 2310 spectat
521 2244 555 2292 ut
577 2237 686 2310 opinor
701 2236 835 2316 Homeri
851 2237 944 2293 uerba
968 2237 1007 2293 de
1020 2235 1139 2292 Tiresia
1160 2235 1238 2290 inter
1250 2251 1318 2290 um·

218 2345 288 2400 bras
312 2362 408 2402 uanas
431 2346 569 2420 sapiente
593 2363 654 2402 uno
678 2343 709 2417 (κ
733 2341 809 2424 495)
826 2346 869 2402 sic
890 2355 1008 2403 mutata

303 2439 374 2520 οῐος
395 2442 567 2506 πέπνυται·
590 2443 639 2507 τοὶ
662 2444 697 2506 δὲ
720 2444 806 2506 σκιαὶ
829 2444 984 2507 ἀΐσσουσι

220 2547 481 2622 quemadmodum
503 2547 729 2605 adhibebantur
758 2549 788 2604 in
811 2535 1011 2622 Chrysippum
1034 2546 1170 2604 Stoicum
1198 2545 1315 2620 (Laert.

220 2647 279 2704 VII
305 2642 392 2725 ι83);
426 2649 533 2706 Lucilii
556 2657 660 2706 autem
684 2657 787 2706 aetate
818 2665 923 2704 uersus
945 2649 1018 2705 ideo
1040 2647 1217 2705 notissimus
1240 2654 1316 2722 erat,

219 2749 305 2823 quod
336 2747 413 2806 Cato
438 2749 602 2806 Censorius
629 2766 700 2806 eum
734 2750 765 2805 in
787 2757 895 2806 senatu
920 2750 961 2806 de
984 2749 1164 2818 Aemiliano,
1188 2746 1317 2805 Cartha·

219 2849 297 2922 ginis
315 2850 478 2918 obsessore
496 2850 572 2907 dixit
588 2857 669 2907 teste
681 2849 845 2907 Plutarcho
862 2849 929 2910 Cat.
944 2865 979 2926 27
994 2851 1082 2908 Liuio
1095 2867 1158 2925 per.
1175 2864 1216 2922 49
1240 2848 1315 2907 aliis,
