2980 4752
701 237 737 298 61

171 427 328 497 euincitur‚
356 426 518 485 concilium
540 423 680 484 habitum
714 441 783 481 esse
814 423 970 498 aliquanto
1004 429 1076 498 post
1099 419 1269 480 Carneadis

169 537 307 597 mortem,
330 546 421 603 quem
443 528 616 586 decessisse
642 526 717 584 dicit
738 527 946 602 Apollodorus
968 525 999 582 in
1014 525 1161 586 chronicis
1184 527 1269 602 apud

170 616 394 704 1261111165
421 630 461 689 01.
489 627 557 694 162,
580 645 600 702 4
625 647 707 686 anno
730 627 868 703 6251129
891 636 942 710 aut
969 626 1118 703 6261128.
1143 625 1177 688 Ρ.
1193 625 1268 684 Cor-

169 731 264 789 nelius
287 729 432 788 Lentulus
454 731 594 806 princeps
618 737 742 787 senatus
761 718 863 787 'lectus
887 737 935 786 est
958 729 1024 786 sine
1046 728 1139 786 dubio
1162 747 1181 786 a
1195 745 1267 787 cen·

170 831 286 889 soribus
311 830 366 893 Cn.
380 831 505 890 Seruilio
528 831 562 891 L.
580 829 698 899 Cassio,
722 825 1025 906 91112111106301124
1047 829 1174 886 lustrum
1196 847 1267 887 con-

169 925 357 1010 diderunt1).
404 932 552 990 Solebant
587 940 691 989 autem
721 947 867 988 censores
897 931 1021 988 lustrum
1047 931 1183 988 condere
1206 948 1268 988 non

169 1035 268 1091 minus
300 1033 465 1091 duodecim
497 1033 654 1090 mensibus
677 1039 843 1108 postquam
878 1049 1022 1090 censores
1055 1032 1150 1089 creati
1181 1039 1269 1089 erant

170 1129 359 1211 (Mommsen
379 1134 489 1193 Roem.
514 1130 657 1191 8122161.Ε
681 1133 696 1190 I
718 1151 747 1208 p.
770 1126 846 1210 342)
869 1141 962 1209 atque
978 1151 1047 1210 curn
1066 1133 1159 1190 creati
1180 1142 1268 1190 erant

170 1236 299 1310 primum
322 1235 580 1310 aggrediebantur
604 1236 646 1292 ad
669 1242 809 1293 senatum
831 1235 998 1310 legendum
1018 1228 1205 1309 (Mommsen
1219 1234 1237 1294 l.
1250 1234 1269 1295 1.

171 1355 199 1412 p.
223 1352 283 1411 415
307 1335 524 1394 Weissenborn
554 1336 596 1392 ad
619 1335 684 1394 Liu.
707 1335 812 1392 XXIX
835 1351 885 1410 37,
902 1331 945 1414 6).
989 1335 1110 1394 Eodem
1133 1334 1184 1392 die
1207 1353 1269 1410 quo

172 1439 264 1495 creati
274 1446 361 1496 612111
372 1439 403 1495 in
416 1438 543 1496 comitiis
557 1436 735 1495 centuriatis
747 1437 957 1511 magistratum
969 1436 1098 1496 inibant:
1111 1437 1196 1511 quod
1207 1435 1271 1493 fieri

171 1539 293 1597 solitum
316 1557 385 1598 esse
407 1556 513 1596 mense
536 1539 629 1613 Aprili
652 1539 694 1595 ita
717 1548 750 1595 ut
772 1556 878 1595 mense
904 1537 987 1596 Maio
1014 1537 1086 1595 anni
1114 1538 1270 1612 sequentis

170 1625 298 1698 lustrum
327 1641 511 1698 conderetur
544 1641 737 1697 demonstrat
757 1638 933 1696 Mommsen
964 1639 982 1699 l.
1006 1637 1024 1695 1.
1049 1657 1079 1714 p.
1102 1653 1174 1713 339.
1198 1654 1268 1713 342.

170 1740 533 1817 11291616166291125
564 1739 598 1800 Ρ.
622 1739 780 1798 Cornelius
808 1739 954 1798 Lentulus
980 1739 1123 1814 princeps
1145 1747 1270 1797 senatus

171 1841 267 1899 lectus
290 1850 346 1911 est,
369 1839 738 1914 1011221111111116261128
761 1849 792 1898 61
815 1858 869 1897 uer
890 1840 962 1897 anni
976 1837 1114 1913 6201125
1140 1839 1176 1900 L.
1193 1838 1269 1897 Cor·

172 1944 267 2001 nelius
297 1943 443 2002 Lentulus
475 1943 562 2004 obiit:
598 1961 635 2000 eo
671 1951 809 2019 tempore
840 1942 900 2001 hoc
933 1949 981 2000 est
1013 1959 1096 1999 anno
1129 1940 1266 2016 6271127

173 2054 225 2103 aut
248 2042 386 2119 6281126
409 2046 537 2102 deorum
558 2044 717 2102 concilium
738 2044 831 2102 fuisse
846 2044 1018 2121 putandum
1033 2041 1121 2117 est²l.
1165 2044 1269 2121 Lupus

173 2164 254 2204 anno
288 2145 427 2220 6281126
461 2147 603 2224 decessit,
632 2146 733 2222 paullo
766 2154 838 2221 post
867 2147 932 2204 eius
964 2154 1094 2204 mortem
1124 2145 1268 2203 librumI

172 2248 301 2306 Lucilius
324 2247 495 2323 composuit
516 2248 629 2304 eodem
652 2265 744 2315 anne,
767 2248 890 2323 quade
913 2266 946 2304 re
965 2247 1051 2307 infra.

271 2349 336 2406 Iam
358 2349 441 2424 apud
463 2348 598 2406 Seruium
621 2347 639 2407 l.
662 2347 681 2406 1.
705 2347 849 2404 traditum
871 2356 919 2405 est
936 2347 967 2404 in
989 2347 1144 2406 codicibus
1174 2347 1267 2406 Guel·

173 2450 326 2508 ferbitano
350 2451 383 2507 de
405 2450 525 2506 tirtem'tu
550 2447 633 2523 Lupi
652 2449 801 2506 cuiusdam
824 2449 928 2506 iudicis
949 2450 997 2506 rei
1016 2448 1153 2507 Parisino
1174 2450 1269 2506 cuius-

174 2553 239 2608 dam
264 2553 351 2612 ducti.
395 2551 563 2625 Reginensi
583 2551 731 2607 cuzicrdom
753 2552 783 2606 in
806 2549 900 2610 rebus.
943 2549 1087 2608 Editores
1113 2551 1269 2608 nouissimi

174 2653 269 2709 secuti
291 2660 360 2710 sunt
382 2652 520 2722 Liouem,
555 2651 606 2727 qui
628 2650 730 2708 scribit
757 2651 835 2708 ducti
857 2651 888 2707 in
910 2649 1079 2725 republica:
1113 2651 1198 2727 quod
1219 2667 1268 2707 me
1370 2645 1375 2654 ’

173 2753 272 2810 iudice
295 2761 413 2810 rectum
434 2761 576 2811 nonest.
621 2749 780 2809 Cornelius
804 2750 908 2826 Lupus
942 2760 1006 2810 tum
1029 2770 1119 2827 supra
1148 2759 1271 2827 septua-

134 2883 139 2894 ·
174 2854 259 2929 ginta
282 2871 379 2911 anuos
401 2861 492 2912 natus
511 2862 577 2911 erat
598 2870 698 2929 neque
714 2853 777 2908 dux
792 2852 943 2910 exercitus
966 2870 1036 2910 esse
1050 2852 1158 2928 potuit.
1181 2850 1268 2910 Neue

173 2974 283 3014 uocem
306 2957 387 3012 ducis
407 2955 641 3030 interpretemur
662 2962 809 3031 tanquam
830 2955 953 3011 1111111111
968 2954 1092 3028 potentis
1119 2954 1169 3012 uel
1181 2955 1272 3029 preir-

175 3058 256 3132 cipr's,
285 3057 480 3132 prohibemur
509 3075 548 3114 eo
581 3055 665 3133 quod
692 3063 756 3113 tam
787 3055 962 3131 simpliciter
995 3073 1031 3114 ac
1065 3055 1148 3113 nude
1169 3055 1270 3132 posita

175 3158 225 3214 uix
247 3157 381 3232 intellegi
401 3165 506 3233 potest
527 3156 585 3214 nisi
608 3157 648 3213 de
670 3155 854 3230 imperatore
876 3155 980 3231 populi
1001 3155 1147 3214 Romani:
1170 3171 1270 3231 neque

176 3259 256 3316 enim
279 3260 361 3334 apud
383 3259 535 3316 rhetorem
565 3259 614 3316 illa
640 3259 736 3316 uerba
757 3258 897 3333 leguntur
929 3258 986 3315 sed
1013 3257 1097 3332 apud
1120 3273 1271 3331 gramma-

153 3360 269 3416 ¹ticum
290 3360 350 3416 suis
381 3377 418 3417 ao
439 3359 566 3435 propriis
600 3359 700 3416 uerbis
728 3359 845 3435 singula
878 3357 1099 3433 significantem
1108 3352 1141 3433 ³).
1185 3356 1271 3414 Bene

278 3492 298 3558 ¹)
319 3492 393 3542 Cous.
413 3493 507 3556 Zumpt
524 3492 594 3541 Mus.
608 3491 697 3541 Rben.
710 3492 811 3540 XXVI
829 3501 883 3554 p.7
902 3489 960 3538 Liu.
979 3504 1034 3554 per.
1054 3489 1096 3540 60.
1123 3489 1272 3538 Mommsen

177 3583 272 3631 Roem.
292 3579 413 3632 Staatsr.²
432 3582 446 3630 I
464 3597 489 3646 p.
511 3592 571 3645 341,
593 3593 603 3629 1
626 3581 660 3630 de
679 3582 749 3630 Boor
768 3581 826 3629 fast.
846 3594 916 3628 cens.
936 3578 1033 3644 (Berol.
1056 3577 1133 3643 1873)
1148 3593 1173 3642 p.
1187 3589 1230 3630 21.

253 3655 257 3662 ’
277 3667 296 3732 ²)
316 3669 388 3720 Obiit
408 3677 493 3719 autem
505 3685 587 3718 annos
601 3676 677 3718 natus
698 3669 753 3718 1616
766 3667 933 3735 septuaginta
949 3674 1002 3716 tres
1022 3666 1166 3716 secundum
1184 3665 1272 3729 legem

176 3757 294 3807 Villiam.
323 3759 426 3823 Lupum
451 3773 544 3823 reapse
570 3758 717 3807 decessisse
740 3757 812 3823 prius
836 3771 912 3820 quam
930 3753 1048 3803 Lucilius
1072 3755 1137 3803 deos
1161 3753 1271 3806 deeius

175 3846 280 3896 interitu
299 3845 403 3896 finxerit
419 3846 601 3895 contionantes
620 3862 697 3895 1161110
716 3845 857 3896 dubitabit.

278 3933 297 3998 ⁸)
317 3935 369 3985 Cic.
390 3935 423 3984 de
440 3951 476 3984 or.
496 3936 537 3983 111
556 3935 601 3996 63:
626 3934 640 3984 ‘.
657 3935 791 4001 ..procul
811 3934 886 3983 abest
904 3940 990 3983 tamen
1008 3932 1041 3982 ab
1061 3946 1093 3980 eo
1109 3931 1176 3992 uiro,
1195 3945 1272 3994 quern

177 4022 325 4087 quaerimus
345 4028 371 4071 et
390 4037 468 4086 quem
487 4028 619 4071 auctorem
631 4022 733 4087 publici
744 4021 845 4070 consilii
858 4027 883 4069 et
896 4020 1027 4083 regendae
1047 4017 1159 4068 ciuitatis
1179 4018 1272 4068 ducem

178 4117 204 4160 et
216 4111 363 4160 sententiae
381 4116 459 4174 atque
479 4109 644 4176 eloquentiae
663 4110 807 4176 principem
822 4109 850 4158 in
863 4116 963 4168 senatu,
983 4109 1011 4158 in
1022 4106 1132 4174 populo,
1144 4107 1171 4156 in
1185 4107 1272 4156 causis

177 4198 291 4264 publicis
310 4215 369 4248 esse
387 4198 529 4249 uolumus’.
566 4198 638 4248 Vide
657 4214 735 4263 quam
754 4197 858 4246 diuersa
875 4196 941 4246 haec
962 4197 1013 4246 sint
1032 4213 1047 4245 a
1065 4195 1125 4246 loco
1143 4196 1236 4246 Seruii.
