2980 4752
19 575 21 604 l

19 731 20 780 l

703 196 742 272 όν

273 381 407 440 Uersum
428 383 509 440 enirn
533 385 699 440 secundum
721 383 841 440 codices
865 382 970 457 optimi
991 383 1140 457 praebent
1162 383 1269 443 talem:

391 485 573 560 municipem
597 482 697 541 Pontii
719 483 832 541 Tiranii
854 485 1066 542 conturionum

180 602 302 658 Tr'ranr'i
329 604 396 660 cod.
420 601 574 660 Palatinus
596 619 688 659 manu
715 603 815 678 priore
849 611 881 659 et
913 602 1125 677 Erlangensis:
1159 605 1214 660 sed
1244 603 1274 659 in

173 704 273 777 priore
285 721 376 760 manu
401 705 534 760 secunda
550 711 717 760 correctum
741 712 788 760 est
808 703 946 772 Trr'lanr'z',
970 704 1001 760 in
1024 703 1157 760 editione
1173 703 1290 760 More.

173 805 255 863 liana
288 804 484 880 aMaduigio
507 805 598 862 ualde
620 805 746 863 laudata
776 807 815 862 ob
839 806 999 881 scripturas
1028 823 1116 862 ueras
1140 823 1273 863 nonnus·

175 927 266 982 quam
290 915 426 964 seruatas
449 907 599 963 inuenitur
646 907 709 962 Tz'lz'
729 907 814 963 Anni
834 908 1006 965 coniectura
1028 907 1093 964 sine
1105 907 1197 963 dubio
1220 924 1274 963 ea-

175 1027 233 1083 que
256 1009 343 1067 falsa.
388 1007 476 1065 Duae
498 1016 607 1083 patent
630 1009 699 1065 uiae
722 1008 958 1077 emendationis,
990 1027 1051 1065 una
1085 1009 1110 1066 si
1142 1025 1272 1082 quaeres

175 1129 288 1167 nomen
310 1110 462 1184 proprium
485 1118 518 1166 ut
540 1108 699 1169 Pontium:
733 1126 792 1184 qua
821 1109 872 1183 qui
893 1109 1023 1184 ingressi
1045 1117 1115 1166 sunt
1136 1110 1271 1166 editores

174 1230 282 1286 parum
304 1211 407 1268 felices
431 1209 571 1269 luerunt:
595 1229 666 1267 nam
689 1212 729 1267 de
753 1210 882 1267 Tritano
904 1211 953 1268 uel
976 1209 1127 1267 Tritanno
1151 1209 1271 1286 gladia·

175 1321 242 1370 tore
263 1311 390 1368 uerbum
413 1311 528 1368 nullum
550 1313 678 1386 perdam
691 1308 721 1384 ¹).
767 1311 876 1387 Itaque
907 1311 954 1366 uel
979 1310 1201 1368 substantiuum
1223 1313 1272 1369 uel

174 1413 350 1480 adiectium‚
374 1431 436 1488 quo
461 1411 561 1469 Pontii
583 1429 716 1487 persona
738 1413 900 1469 illustretur
922 1428 1035 1469 censeo
1052 1413 1271 1487 quaerendum.

178 1515 301 1571 Tz'ranz'r'
319 1515 440 1572 codices
463 1515 632 1588 principes:
657 1512 785 1570 Palatini
807 1521 960 1570 corrector
983 1512 1083 1569 multis
1104 1513 1177 1570 locis
1200 1529 1274 1590 gen-

174 1617 265 1673 uinae
288 1615 451 1691 scripturae
472 1623 620 1672 vseruator
649 1613 708 1671 hoc
730 1614 797 1672 loco
821 1614 959 1671 debebat
981 1631 1030 1669 me
1054 1613 1151 1670 iudice
1173 1614 1239 1670 rin
1261 1623 1274 1671 t

173 1718 306 1775 litteram
338 1725 465 1785 mutare,
499 1735 563 1774 non
595 1725 609 1773 t
640 1717 774 1773 inserere
807 1716 851 1773 ita
883 1723 917 1771 ut
951 1715 1085 1771 Tritaniz'
1113 1716 1272 1774 euaderet.

175 1819 310 1892 Dignum
343 1819 412 1876 stilo
435 1818 591 1877 Luciliano
625 1818 753 1876 arbitror
778 1818 898 1877 Il'tanr‘r'.
943 1815 1096 1874 Discimus
1124 1809 1206 1874 enim
1235 1835 1273 1872 ex

176 1917 303 1976 Catonis
326 1919 426 1975 uerbis
447 1937 496 1993 ap.
521 1918 584 1978 Cic.
608 1922 648 1976 de
672 1938 736 1978 sen.
758 1935 795 1993 33
817 1912 873 1976 ‘ne
896 1936 954 1976 uos
977 1919 1101 1992 quidem
1121 1917 1158 1976 T.
1173 1916 1273 1975 Pontii

175 2020 361 2080 centurionis
384 2021 454 2077 uiris
475 2015 609 2079 habetis'
642 2021 722 2078 hunc
745 2020 886 2078 Pontium
915 2019 1008 2077 fuisse
1036 2020 1192 2076 hominem
1211 2019 1272 2077 exi·

175 2122 242 2180 miis
265 2122 376 2179 uiribus
389 2121 522 2196 corporis
545 2122 727 2197 praeditum.
772 2121 881 2196 Itaque
893 2121 1032 2178 Titanius
1055 2128 1103 2178 est
1118 2115 1271 2200 ἀκαμάτῳ

174 2220 279 2297 Τιτῆνι
310 2219 381 2303 βίην
413 2218 599 2296 ὑπέροπλον
626 2219 751 2296 ἐοικώς,
783 2230 817 2278 ut
840 2221 878 2292 Q.
902 2223 1017 2297 Smyrn.
1042 2221 1114 2278 XIV
1137 2236 1199 2296 550
1231 2223 1272 2278 de

174 2325 267 2384 Aiace
291 2319 403 2398 dicit2).
448 2323 496 2380 Sic
508 2323 646 2379 Briareus
670 2340 719 2398 ap.
741 2322 818 2383 Plut.
843 2324 883 2380 de
905 2322 1053 2397 tranquill.
1078 2341 1126 2382 an.
1150 2341 1216 2397 cap.
1235 2337 1273 2378 10

173 2445 228 2502 pro
251 2426 316 2484 uiro
339 2425 432 2482 nimio
458 2425 570 2481 robore
596 2425 737 2500 praedito
764 2425 896 2500 ponitur,
927 2426 1008 2499 apud
1031 2423 1166 2481 eundem
1190 2423 1273 2481 Mar-

174 2528 240 2585 cell.
267 2542 302 2601 17
324 2525 523 2583 Archimedes
546 2525 685 2584 Briareus
709 2527 888 2602 appellatur,
912 2525 992 2586 conf.
1018 2526 1058 2583 de
1081 2525 1168 2584 amic.
1185 2524 1271 2582 mult.

83 2683 86 2688 .
174 2647 241 2704 cap.
259 2645 284 2686 1.
307 2628 343 2688 A.
356 2626 388 2684 P.
401 2626 445 2684 IX
459 2627 519 2702 708
542 2623 639 2703 Χερσὶ
651 2623 844 2702 γιγαντείαις
860 2622 888 2688 δ’
904 2623 1025 2687 ἔστασε
1042 2622 1156 2701 νέρθεν
1173 2619 1271 2700 ὕδωρ.

173 2731 209 2787 In
240 2731 347 2789 codice
381 2729 546 2806 archetypo
571 2727 725 2787 Ciceronis
753 2731 897 2805 scriptum
925 2738 991 2787 erat
1014 2727 1117 2785 Pontii
1138 2726 1271 2786 Illanz't':

173 2832 304 2890 Lucilius
336 2839 441 2888 autem
474 2829 549 2886 dixit
571 2829 661 2886 Ponti
683 2829 788 2886 Illanr'
808 2831 873 2887 siue
896 2832 935 2888 ab
959 2830 1113 2887 adiectiuo
1139 2828 1273 2884 Titanius

173 2933 323 2990 deductus
346 2939 394 3004 est
416 2932 472 2988 iste
502 2931 662 3006 genetiuus
690 2932 720 2988 in
748 2931 944 2988 substantiuis
971 2929 1133 3006 legitimus,
1167 2929 1230 2986 siue
1254 2947 1272 2985 a

173 3032 365 3089 substantiuo
392 3031 512 3088 Illanus
521 3029 555 3103 ³),
588 3033 708 3106 quade
732 3030 829 3088 forma
856 3031 936 3105 apud
960 3029 1100 3086 Plautum
1123 3027 1272 3086 Naeuium

274 3318 294 3381 ι)
312 3319 453 3368 Tritannus
466 3318 597 3381 gladiator
610 3320 709 3369 eximiis
728 3318 826 3368 uiribus
840 3319 956 3384 corporis
968 3318 1102 3384 praeditus
1115 3326 1273 3368 memoratur

171 3409 255 3460 Solin.
279 3409 344 3472 175
370 3407 439 3457 Plin.
464 3409 518 3457 VII
545 3409 574 3458 81
602 3409 712 3474 Uopisc.
741 3408 819 3457 Firm.
844 3421 868 3470 4.
915 3409 969 3456 Fac
997 3414 1068 3456 recte
1099 3406 1272 3456 Huebnerum

173 3496 277 3563 ephem.
298 3496 378 3561 epigr.
397 3497 425 3544 II
440 3513 465 3561 p.
482 3497 517 3559 48
537 3504 628 3546 contra
646 3496 774 3559 Maduigii
800 3495 993 3545 adnotationem
1021 3495 1192 3544 contendisse
1220 3495 1271 3544 iarn

171 3585 220 3634 illo
247 3592 364 3650 ternpore
389 3584 563 3647 gladiatorem
591 3585 705 3650 potuisse
734 3583 911 3633 centurionem
935 3583 991 3632 fieri
1011 3585 1083 3632 XIII
1109 3599 1191 3633 annos
1212 3590 1272 3633 ante

127 3733 129 3737 Ι
175 3675 255 3723 Marii
273 3674 384 3739 primum
403 3672 576 3732 consulatum,
604 3680 673 3722 certe
693 3672 809 3722 Lucilius
828 3671 1003 3734 gladiatorem
1024 3673 1165 3722 admissum
1185 3688 1272 3721 sacra·

172 3769 261 3813 mento
280 3779 332 3812 non
345 3769 449 3829 poterat
462 3777 609 3828 proponere
628 3761 761 3827 exemplar
779 3761 892 3810 hominis
906 3761 1021 3810 Romani
1039 3777 1125 3827 neque
1144 3777 1196 3810 una
1215 3777 1272 3811 cum

172 3853 267 3901 Pontio
286 3853 342 3901 uiro
361 3850 528 3901 nobilissimo
549 3851 677 3912 (Macrob.
698 3852 740 3900 III
761 3851 800 3907 16,
821 3850 848 3917 3)
868 3849 1010 3915 appellare.

272 3939 291 4003 α)
316 3940 441 3991 Similiter
472 3938 571 3988 Aesch.
596 3940 702 4004 Septem
721 3951 772 4002 407
798 3938 935 4004 Capaneus
963 3937 1042 4003 γίγας
1069 3938 1152 4004 Orph.
1183 3938 1271 4004 hymn.

173 4030 230 4078 XII
244 4041 254 4076 1
275 4027 404 4078 Hercules
414 4027 500 4078 Τιτάν
515 4024 618 4074 Callim.
633 4025 721 4092 hymn.
734 4026 761 4074 in
773 4023 833 4076 Del.
850 4037 899 4089 174
918 4026 989 4076 Galli
1003 4026 1134 4091 ὸψιγόνοι
1146 4025 1270 4089 Τιτῆνες.

273 4115 296 4184 ⁸)
315 4116 393 4168 Atlas
412 4133 460 4185 pro
479 4117 602 4180 giganteo
621 4114 726 4166 homine
744 4115 801 4167 qu.
822 4115 892 4165 VIII
910 4125 952 4179 32.
