2998 4744
718 249 757 309 37

189 435 269 493 quae
301 426 373 494 apte
405 419 645 493 interpretabere
681 420 755 478 Hor.
787 429 844 482 sat.
867 421 896 478 II
919 437 936 495 3
961 439 1032 480 cum
1055 429 1130 492 tota,
1153 429 1218 480 tum
1240 440 1290 482 uu.

190 531 228 594 77
254 535 320 596 sqq.
340 521 541 596 comparatis:

274 619 391 678 Audire
413 627 507 695 atque
532 627 636 696 togam
658 621 751 678 iubeo
774 639 970 700 componere,
993 624 1128 701 quisquis

273 721 439 778 ambitione
461 722 541 778 mala
563 731 616 778 aut
638 722 758 798 argenti
780 724 875 800 pallet
897 742 1002 783 amore

275 823 409 898 quIsquis
428 823 544 882 luxuria
567 824 683 880 tristiue
707 826 924 900 superstitione

273 931 326 980 aut
349 923 408 982 alio
429 925 541 982 mentis
563 924 669 982 morbo
691 927 790 986 calet:
813 926 873 984 huc
894 926 1032 1004 proprius
1056 945 1115 999 me,

274 1025 347 1082 dum
369 1027 469 1084 doceo
491 1027 624 1085 insanire
646 1044 763 1094 omnes,
785 1045 841 1086 uos
864 1029 972 1086 ordine
995 1030 1088 1091 adite.

188 1127 299 1184 Exstat
327 1129 433 1185 tertius
462 1147 490 1188 ιι.
513 1127 622 1186 628L
657 1145 697 1204 39
720 1129 769 1188 M:
802 1124 899 1205 ‘quae
920 1127 1035 1205 pietas!
1069 1131 1291 1206 monogrammi

190 1229 325 1304 quinque
349 1231 474 1288 adducti
494 1231 640 1306 pietatem
663 1225 795 1290 uocant'
827 1232 879 1307 qui
909 1232 982 1290 mihi
1003 1234 1143 1291 nondum
1170 1233 1293 1290 uidetur

188 1336 243 1387 aut
265 1331 445 1389 emendatus
469 1340 520 1389 aut
544 1333 618 1389 satis
641 1332 810 1407 explicatus
834 1349 913 1389 esse.

638 1485 836 1495 -—..-—-.-

289 1605 372 1663 Libri
394 1605 528 1662 XXVIII
551 1623 579 1662 u.
595 1603 694 1662 682L
718 1605 803 1678 46M
824 1614 908 1664 recte
929 1606 1057 1682 praebet
1080 1608 1175 1665 editio
1191 1608 1290 1668 Muel-

191 1707 320 1766 ieriana:

273 1808 463 1870 Socraticum
491 1809 618 1886 quidam
647 1818 776 1885 tyranno
796 1811 890 1868 miflse
911 1811 1099 1886 Aristippum
1121 1819 1290 1871 autumant.

191 1909 378 1985 Quanquam
399 1911 480 1968 enim
502 1911 643 1969 maluerit
665 1912 732 1988 quis
755 1912 892 1970 senarios
915 1912 1084 1982 restituere,
1108 1915 1160 1990 qui
1182 1912 1290 1970 ceteris

191 2011 332 2069 trimetris
364 2011 577 2088 philosophica
612 2013 839 2070 continentibus
877 2014 1056 2082 adiciantur,
1090 2022 1194 2072 tamen
1231 2013 1291 2072 hoc

189 2112 288 2188 ipsum
300 2112 499 2172 Lachmanno
522 2132 628 2190 parum
652 2113 778 2171 feliciter
801 2114 894 2172 cessit
916 2143 955 2154 -
977 2131 1049 2171 nam
1071 2115 1112 2172 de
1134 2113 1290 2189 Aristippo

189 2231 208 2269 a
231 2213 358 2270 Socrate
373 2213 523 2288 Dionysio
545 2214 639 2272 misso
660 2214 702 2270 nil
725 2214 836 2272 scimus
859 2243 899 2254 -
921 2231 1022 2291 neque
1045 2231 1211 2292 assequare
1233 2214 1291 2272 nisi

188 2313 301 2370 iniuste
319 2315 431 2372 tradita
454 2315 549 2372 uerba
571 2332 646 2389 agas
669 2322 700 2372 et
722 2313 811 2374 feras
851 2313 1087 2374 Commendauit
1108 2323 1179 2390 post
1190 2314 1290 2372 Lach-

188 2433 335 2473 mannum
362 2415 523 2474 Francken
546 2417 564 2476 l.
587 2417 604 2476 l.
626 2434 655 2491 p.
681 2431 729 2490 23,
764 2415 815 2491 qui
848 2415 949 2473 scribit
980 2416 1167 2491 ‚,quiddam“
1199 2415 1290 2472 aliam

188 2516 480 2591 interpretationem.
535 2517 634 2576 Huius
663 2517 818 2574 sententia
849 2511 1034 2575 ‘secundum
1055 2524 1181 2592 poetam
1208 2515 1290 2574 fama

189 2616 254 2685 fuit,
278 2618 422 2692 scriptum
445 2619 560 2694 aliquid
583 2619 716 2676 Socratis
739 2617 811 2676 olim
834 2617 873 2676 ab
895 2618 1053 2693 Aristippo
1070 2616 1218 2693 Dionysio
1233 2617 1289 2676 da·

110 2751 120 2770 1
189 2725 253 2774 tum
276 2713 392 2778 suisse'.
438 2719 528 2792 Quae
551 2721 705 2778 sententia
717 2720 801 2778 nulla
823 2737 855 2776 re
878 2706 1031 2794 probatur.
1076 2718 1151 2776 Mihi
1167 2718 1288 2776 uidetur

190 2817 365 2876 Socraticum
380 2821 531 2896 pertinere
554 2821 596 2877 ad
609 2821 797 2894 Aristippum,
822 2820 873 2895 qui
896 2820 938 2878 sic
960 2821 1066 2878 audire
1089 2820 1187 2876 soleat
1209 2814 1286 2896 (Cic.

190 2920 230 2975 ad
263 2917 333 2978 fam.
357 2920 400 2978 IX
426 2919 474 2988 26,
499 2936 515 2977 2
548 2919 685 2978 Tusc.H
711 2917 770 2994 15).
818 2917 903 2990 Quid
934 2919 1106 2994 Aristippus
1140 2918 1289 2992 Dionysio

188 3020 303 3077 miserit
333 3021 474 3079 uidemus
497 3039 535 3082 ex
557 3021 660 3078 Laert.
684 3020 789 3093 1183:
817 3016 882 3080 Τοῦ
914 3017 949 3080 δὲ
974 3017 1171 3095 Κυρηναϊκοῦ
1198 3019 1289 3095 φιλο-

189 3116 299 3196 σόφου
320 3119 454 3198 φέρεται
478 3118 588 3199 βιβλία,
621 3116 693 3197 τρία
716 3119 772 3197 μὲν
793 3116 940 3197 ἱστορίας
970 3120 1034 3181 τῶν
1062 3117 1143 3181 κατὰ
1164 3115 1289 3196 Λιβύην,

190 3217 466 3300 ἀπεσταλμένα
487 3220 652 3305 Διονυσίῳ
662 3217 694 3304 ¹),
725 3221 760 3284 ἓν
787 3221 825 3285 δὲ
846 3219 881 3285 ἐν
902 3219 929 3304 ᾧ
951 3218 1097 3295 διάλογοι
1118 3218 1214 3283 πέντε
1236 3217 1289 3282 καὶ

189 3317 311 3385 εἴκοσιν
333 3323 397 3384 κτλ.
441 3325 550 3383 Exstat
572 3325 665 3382 etiam
687 3325 763 3383 alius
787 3324 869 3392 liber,
892 3319 983 3398 χρεία
1005 3319 1089 3398 πρὸς
1109 3317 1288 3383 Διονύσιον

189 3425 365 3500 inscriptus:
389 3419 502 3500 (Laert.
526 3425 598 3484 ibid.
622 3421 690 3500 84):
714 3426 772 3484 sed
794 3427 927 3502 priorem
952 3423 1112 3498 significari
1134 3421 1286 3482 aLucilio

189 3525 261 3582 ideo
283 3527 346 3583 ueri
362 3527 485 3584 sImilius
501 3535 558 3597 est,
582 3528 667 3602 quod
682 3527 847 3585 Panaetius
864 3526 981 3584 Lucilio
1002 3525 1068 3582 sine
1083 3525 1179 3583 dubio
1194 3530 1287 3581 notus

190 3626 347 3684 Sotionem
370 3635 492 3684 secutus
515 3627 597 3684 illum
619 3627 726 3684 librum
749 3645 787 3682 ex
809 3625 910 3683 indice
928 3625 1171 3700 Aristippeorum
1193 3624 1288 3698 scrip·

193 3735 293 3784 torum
316 3727 415 3794 eiecit,
447 3726 529 3784 hunc
550 3728 677 3802 agnouit
700 3727 817 3804 (Laert.
839 3727 856 3787 l.
881 3727 899 3783 1.
923 3724 986 3802 85).
1029 3726 1077 3784 Ita
1098 3725 1193 3784 uerba
1224 3724 1289 3798 qui-

190 3827 255 3883 dam
278 3871 284 3884 .
309 3871 315 3884 .
343 3873 349 3888 .
373 3833 526 3884 autumant
545 3827 653 3886 melius
676 3828 902 3903 intelleguntur,
925 3835 959 3886 ut
982 3827 1092 3902 quibus
1115 3828 1155 3885 de
1178 3843 1210 3882 re
1224 3842 1287 3881 am·

188 3993 386 4002 ——-—·-

291 4081 312 4147 ¹)
331 4063 526 4138 Ἀποστέλλειν
550 4093 590 4133 est
608 4089 804 4151 προσφωνεῖν
833 4100 885 4134 uno
903 4084 954 4135 hoc
981 4084 1041 4135 loco
1061 4083 1152 4134 inueni
1177 4083 1287 4133 uerbum

189 4172 258 4223 illud
279 4188 310 4222 ea
328 4173 517 4238 significatione
536 4173 648 4242 positum
668 4189 719 4240 qua
739 4173 808 4224 solet
826 4175 921 4225 Latine
942 4173 1062 4225 ‘mittere
1072 4172 1088 4228 ’.

1385 4247 1497 4364 A
