2998 4744
739 225 776 280 ²4

203 398 298 454 modo
322 389 367 470 (ut
391 395 499 470 aliquis
522 395 643 469 placere
657 387 862 472 ostendimus)
885 395 1017 452 tonitrua
1032 403 1064 451 et
1076 394 1191 468 fulgura
1203 395 1308 451 edunt.

203 497 321 554 Maiore
350 514 423 554 uero
446 496 531 553 inlati
547 496 684 570 pondere
717 496 898 572 incursuque
921 497 946 553 si
975 497 1037 554 late
1067 497 1179 554 siccam
1201 513 1308 572 rupere
1403 529 1407 537 ·

204 600 317 655 nubem
338 597 501 673 procellam
523 598 652 672 gignunt
678 614 756 672 quae
783 605 909 654 uocatur
930 617 948 654 a
972 596 1098 654 Graecis
1120 591 1308 673 ecnephias'.

204 699 274 762 Seri.
298 706 360 757 nat.
383 706 500 773 quaest.
513 696 542 752 V
565 711 598 752 12
621 691 720 756 ‘Sunt
736 699 889 772 quaedam
907 715 1022 772 genera
1035 707 1205 766 uentorum,
1229 715 1308 774 quae

203 808 311 874 ruptae
324 799 422 856 nubes
443 807 475 855 et
496 799 527 856 in
542 817 671 874 pronum
692 798 810 856 solutae
824 801 981 859 emittunt:
1005 799 1061 857 hos
1075 798 1185 856 Graeci
1196 807 1307 857 uentos

204 901 370 976 ecnephias
393 894 522 957 uocant‘
545 917 572 958 e.
596 917 624 974 q.
647 917 671 957 s.
715 899 885 976 Aquilones
908 900 1077 974 ecnephiae
1092 919 1160 958 cum
1181 901 1232 957 uix
1255 917 1308 956 ex·

205 1003 313 1060 sistant
336 1009 415 1060 teste
439 1001 562 1058 Aristot.
585 999 744 1057 meteorol.
767 1017 788 1072 γ
809 1017 839 1074 p.
862 1012 982 1074 371²3‚
1006 1018 1098 1075 quem
1119 1001 1210 1058 uertit
1233 998 1309 1061 Plin.

201 1103 229 1160 Il
257 1117 323 1176 133,
347 1111 533 1160 memoratur
557 1097 708 1177 ἐκνεφίας
731 1098 829 1177 νότος
853 1101 946 1160 Diod.
971 1102 1028 1158 XX
1051 1102 1101 1162 88.
1147 1101 1308 1159 Postremo

202 1203 283 1260 bene
305 1211 450 1279 recteque
473 1202 547 1260 dicit
560 1201 688 1259 Lucilius
707 1193 962 1277 ὑποκοριστικῶς
986 1203 1054 1258 istos
1076 1221 1116 1259 ex
1138 1201 1233 1259 nimbo
1256 1220 1309 1258 au·

200 1305 309 1372 stallos,
345 1312 452 1361 contra
474 1310 604 1360 austrum
635 1310 727 1378 atque
760 1304 949 1379 aquilonem;
987 1299 1120 1379 μεγάλοι
1156 1301 1213 1378 μὲν
1246 1298 1309 1377 γὰρ

202 1399 299 1479 ἄμφω
323 1401 375 1465 καὶ
396 1405 551 1466 πλεῖστον
574 1401 696 1480 χρόνον
718 1402 854 1466 πνέουσι
877 1405 1046 1481 (Theophr.
1073 1406 1114 1462 de
1136 1413 1219 1463 uent.
1241 1397 1308 1481 12)

203 1505 315 1565 boreas
339 1516 370 1564 et
392 1517 496 1565 notus:
521 1516 553 1565 at
575 1508 615 1564 de
638 1507 786 1583 ecuephia
813 1506 931 1564 Seneca
958 1507 977 1567 l.
1001 1506 1019 1566 l.
1046 1500 1116 1564 ‘His
1145 1504 1309 1563 interuallis

202 1609 301 1666 tenuis
324 1607 486 1667 includitur
506 1608 635 1685 spiritus
664 1609 714 1684 qui
741 1609 838 1666 maius
870 1607 1025 1666 desiderat
1053 1607 1215 1683 spatium.
1240 1650 1247 1666 .
1270 1650 1277 1666 .
1301 1650 1308 1666 .

205 1709 377 1785 scinditque
400 1710 553 1785 cingentia
576 1719 608 1768 et
622 1711 752 1784 erumpit
772 1711 803 1765 in
816 1717 951 1779 uentum,
975 1710 1026 1784 qui
1042 1708 1106 1766 fere
1122 1708 1309 1785 procellosus

202 1819 260 1878 est,
284 1811 353 1886 quia
377 1811 699 1886 supemedemittitur
721 1818 752 1866 et
775 1809 806 1866 in
830 1810 982 1866 noscadit
992 1809 1161 1867 uehemens
1184 1817 1216 1866 et
1229 1827 1309 1890 acer,

203 1912 287 1987 quod
304 1929 367 1967 non
391 1911 473 2000 fusus
496 1929 597 1987 neque
617 1929 673 1986 per
694 1919 833 1986 apertum
854 1910 949 1978 uenit,
980 1912 1036 1968 sed
1057 1911 1176 1968 laborat
1199 1918 1231 1967 et
1252 1910 1311 1968 iter

203 2013 258 2070 sibi
280 2011 310 2068 ui
332 2029 369 2068 ac
392 2029 495 2087 pugna
516 2020 613 2086 parat.
658 2011 716 2068 Hic
746 2011 809 2068 fere
836 2011 934 2067 breuis
950 2011 1045 2087 flatus
1072 2020 1121 2070 est
1146 2055 1153 2068 .
1176 2057 1183 2072 .
1207 2055 1214 2072 .
1238 2057 1245 2071 .
1269 2010 1310 2072 Hi

202 2112 287 2170 uenti
317 2112 411 2169 multo
442 2112 574 2170 maiores
603 2113 866 2188 diuturnioresque
901 2122 979 2181 sunt,
1017 2113 1042 2171 si
1076 2113 1151 2170 alios
1185 2129 1307 2187 quoque

201 2213 290 2270 flatus
325 2231 364 2269 ex
398 2213 509 2270 eadem
548 2231 642 2271 causa
685 2214 814 2271 fluentes
852 2215 883 2270 in
918 2232 952 2272 se
991 2214 1178 2272 abstulerunt
1210 2224 1241 2272 et
1276 2213 1307 2270 in

201 2332 294 2371 unum
325 2313 498 2371 confluxere
530 2309 644 2390 plures’
678 2333 704 2372 e.
728 2332 758 2390 q.
780 2333 804 2373 s,
862 2314 947 2374 Conf
985 2316 1102 2376 Arrian.
1139 2334 1186 2391 ap.
1220 2314 1305 2375 Stob.

203 2416 291 2489 eclog
317 2415 404 2489 phys.
428 2415 443 2472 Ι
465 2434 496 2492 p.
521 2414 581 2474 602
606 2463 612 2475 .
638 2461 644 2475 .
668 2461 675 2476 .
698 2413 733 2477 έν
755 2413 848 2493 νέφει
868 2415 904 2478 δέ
927 2411 1173 2492 ἀποληφθέντες
1197 2412 1307 2476 ἔπειτα

203 2513 377 2592 ρηγνύντες
402 2513 453 2596 βίᾳ
474 2515 512 2578 τὸ
533 2514 636 2593 νέφος
653 2515 791 2592 βροντὰς
813 2535 848 2579 τε
871 2513 1108 2594 καίάστραπὰς
1132 2515 1305 2595 ἐξέφηναν.

201 2613 429 2693 Ἐκπίπτοντες
452 2609 480 2678 δ’
504 2615 556 2679 ἐπὶ
578 2615 659 2693 μέγα
682 2615 831 2693 διάπυροι
855 2616 920 2695 μέν,
947 2617 1110 2694 κεραυνοί·
1133 2613 1247 2694 άθροοι
1270 2617 1307 2680 δὲ

201 2716 252 2780 καὶ
273 2713 431 2793 ἡμίπυροι,
454 2719 654 2793 πρηστῆρες·
678 2715 753 2779 ὅσοι
776 2715 803 2778 δ’
827 2715 938 2794 ἔρημοι
953 2715 1065 2794 πυράς,
1087 2719 1251 2795 τυφῶνες·
1276 2715 1307 2781 οἱ

202 2819 237 2881 δὲ
260 2816 305 2880 ἔτι
328 2814 496 2896 ἀνειμένοι,
525 2816 675 2897 έκνεφίαι.
719 2821 826 2878 Ioann.
856 2821 932 2896 Lyd.
958 2823 998 2878 de
1025 2840 1122 2881 mens.
1146 2821 1190 2878 IV
1214 2821 1252 2897 76
1275 2817 1306 2882 οἱ

202 2917 267 2981 ἀπὸ
280 2917 421 2996 μεγάλης
445 2915 547 2995 ἀρχῆς
571 2916 702 2997 ῥέοντες
724 2917 836 2996 άνεμοι
858 2917 905 2997 είς
921 2919 1046 2984 δώδεκα
1069 2919 1147 2997 μέρη
1170 2922 1228 2982 τού
1244 2918 1307 2999 ὁρί-

201 3023 314 3096 ῑοντος
343 3021 538 3098 διαιροῦνται
560 3069 566 3082 .
590 3069 596 3084 .
621 3069 626 3082 .
650 3022 714 3084 τῶν
742 3022 778 3083 δέ
804 3018 870 3084 ἀπὸ
898 3019 1040 3099 μεγάλης
1070 3018 1172 3098 ἀρχῆς
1201 3020 1220 3084 ὁ
1249 3021 1307 3100 μὲν

202 3119 257 3184 ἀπ’
280 3118 391 3199 ὀλίγης
428 3122 535 3200 φοράς
557 3119 682 3199 νέφους
705 3121 857 3201 ἐκνεφίας
888 3123 953 3185 κτλ.
998 3123 1142 3183 Ceterum
1176 3124 1307 3183 Lucilius

202 3243 265 3282 non
288 3225 368 3282 solus
392 3225 474 3300 apud
489 3225 648 3282 Romanos
671 3227 844 3300 composuit
866 3234 1001 3284 austrum
1024 3234 1117 3301 atque
1132 3227 1306 3304 aquilonem

203 3341 271 3381 cum
294 3323 450 3398 ecnephia,
474 3324 531 3381 sed
552 3325 664 3381 eodem
687 3324 750 3381 fere
773 3333 911 3400 tempore
936 3324 965 3384 S.
978 3324 1128 3400 Turpilius
1151 3326 1306 3384 inDeme-

202 3425 259 3482 trio
282 3426 414 3500 palliata,
436 3443 527 3501 quam
550 3441 588 3481 ex
599 3424 735 3483 Alexidis
747 3425 906 3483 Demetrio
929 3444 985 3483 seu
1003 3425 1175 3486 Philetaero
1199 3429 1305 3485 uertit:

203 3526 282 3586 conf.
307 3527 393 3585 Alex.
417 3526 564 3584 Demetrii
584 3544 689 3584 uersus
712 3546 760 3601 ap.
786 3527 896 3586 Athen.
920 3527 993 3586 VllI
1014 3546 1043 3603 p.
1066 3526 1127 3602 338
1150 3528 1178 3585 D
1202 3523 1305 3602 (Mein.

202 3647 280 3688 com.
305 3628 358 3688 Gr.
382 3645 411 3702 3,
435 3624 527 3703 403):

283 3725 451 3804 Πρότερον
474 3727 531 3805 μέν
554 3725 580 3791 εἰ
603 3725 752 3791 πνεύσειε
775 3729 921 3806 βορρᾶς
942 3726 962 3805 ἢ
984 3728 1104 3807 νότος

287 3826 322 3891 ἐν
345 3833 382 3910 τῇ
407 3826 546 3912 θαλάττῃ
568 3827 724 3906 λαμπρός,
747 3826 837 3907 ἰχθύς
859 3828 918 3893 ούκ
941 3828 981 3893 ἂν
1003 3828 1043 3907 ἦν

284 3926 394 3990 οὐδενὶ
417 3931 550 4006 φαγεῖν·
572 3928 642 3993 νυνὶ
665 3929 701 3992 δέ
722 3927 805 4006 πρὸς
827 3932 895 4006 τοῖς
910 3928 1090 4007 πνεύμασιν

284 4026 411 4105 τούτοις
433 4027 584 4109 Φάϋλλος
606 4030 809 4109 προσγέγονε
832 4030 974 4109 χειμὼν
997 4029 1137 4108 τρίτος.

284 4128 364 4194 ἐπὰν
387 4129 448 4209 γάρ
471 4131 664 4211 ἐκνεφίας
687 4131 876 4211 καταιγίσας
903 4131 981 4214 τύχη
