2980 4752
665 225 703 286 97

145 399 200 459 timi
222 395 333 456 Coclrics
358 393 474 453 Caelites
497 393 594 452 Celz'us
602 391 636 470 ¹),
657 396 743 452 unde
765 396 860 453 etiam
871 398 901 454 in
920 396 1021 453 uerbis
1036 415 1054 454 a
1070 394 1232 454 Cornificio

147 499 314 575 subscriptis
339 506 444 556 natum
466 506 513 555 est
536 499 565 554 in
585 514 647 554 uno
671 499 777 555 codice
797 517 821 558 π
842 500 970 574 Kayseri
991 499 1065 556 illud
1082 497 1162 557 Coeli
1179 516 1235 574 pro

148 602 218 658 Aeli.
263 599 335 657 Sola
357 599 451 656 editio
475 597 666 656 Cratandrea
689 599 782 657 habet
806 599 950 658 Lucilius.
993 601 1056 658 Sed
1079 609 1163 658 recte
1184 617 1236 658 co·.

146 701 226 760 dices
255 699 385 758 Coelius:
420 699 614 774 Antipatrum
645 700 725 757 enim
758 700 909 776 significat
932 699 1122 769 Cornificius,
1144 719 1237 778 quem

144 803 236 861 uerba
256 801 421 858 immodice
445 801 603 858 traiecisse
618 808 652 856 ut
667 800 864 874 rhythmicam
882 802 1054 859 orationem
1069 800 1204 859 efficeret
1219 819 1237 857 e

145 902 319 976 fragmentis
342 901 471 976 amplius
493 901 664 976 probarem,
687 901 746 958 nisi
768 900 876 959 Cicero
899 899 1052 960 Cornificii
1073 919 1190 960 memor
1204 903 1236 959 id

145 1005 239 1079 ipsum
267 1004 400 1062 dilucide
425 1006 570 1064 traderet.
620 1004 728 1079 Itaque
759 1003 871 1061 sufficit
897 1002 994 1076 Coelii
1019 1004 1091 1062 belli
1113 1003 1237 1063 Poenici

146 1106 317 1178 posterioris
348 1123 443 1162 unum
471 1105 655 1180 subiungere
688 1105 893 1180 fragmentum
925 1106 1010 1182 apud
1040 1105 1119 1166 Non.
1143 1125 1173 1181 p.
1197 1105 1236 1180 89

146 1201 227 1282 ‘lpse
250 1207 328 1280 regis
350 1207 470 1264 eminus
493 1224 573 1283 equo
596 1206 665 1264 ferit
686 1215 795 1283 pectus
817 1202 998 1264 aduorsum'
1021 1225 1048 1266 e.
1072 1226 1101 1283 q.
1115 1224 1138 1267 s.
1161 1207 1238 1265 Tra·

146 1310 187 1365 dit
211 1316 315 1367 autem
338 1307 398 1368 Cic.
412 1325 454 1368 or.
476 1323 550 1382 229:
574 1303 651 1366 ‘Sed
674 1326 817 1382 magnam
839 1309 1091 1366 exercitationem
1113 1326 1162 1366 res
1185 1309 1237 1365 fla·

143 1411 227 1484 gitat‚
250 1427 289 1466 ne
312 1408 386 1484 quid
407 1426 514 1466 eorum
544 1410 596 1485 qui
618 1427 715 1484 genus
749 1409 809 1468 hoc
841 1410 939 1468 secuti
971 1425 1034 1466 non
1064 1417 1238 1479 tenuerunt,

145 1511 239 1568 simile
260 1509 415 1580 faciamus,
439 1530 474 1566 ne
497 1517 549 1566 ortt
580 1510 671 1568 uerba
699 1513 871 1567 traiciamus
901 1517 1006 1584 aperte,
1039 1527 1100 1584 quo
1130 1511 1239 1568 melius

144 1620 195 1668 aut
217 1613 309 1670 cadat
330 1620 383 1669 aut
404 1612 546 1670 uoluatur
568 1613 684 1686 oratio;
707 1613 792 1688 quod
814 1629 847 1669 se
870 1611 906 1670 L.
930 1609 1053 1669 Coelius
1077 1613 1241 1687 Antipater

146 1711 176 1768 in
196 1713 351 1786 prooemio
373 1713 443 1769 belli
467 1711 573 1770 Punici
605 1713 663 1770 nisi
692 1713 868 1771 necessario
891 1712 1041 1770 facturum
1063 1711 1175 1787 negat.
1211 1712 1239 1771 Ο

145 1814 243 1870 uirum
265 1814 442 1889 simplicem,
465 1814 518 1888 qui
540 1813 613 1871 nihil
635 1833 693 1871 nos
717 1815 805 1883 celet,
827 1815 1007 1889 sapientem,
1031 1815 1082 1888 qui
1104 1815 1240 1872 seruien-

144 1916 217 1971 dum
239 1913 416 1972 necessitati
437 1922 535 1990 putet.
580 1914 643 1972 Sed
670 1914 720 1972 hic
739 1916 864 1972 omnino
886 1915 988 1990 rudis3
1016 1916 1105 1972 nobis
1136 1923 1241 1972 autem

143 2016 173 2072 in
194 2016 357 2074 scribendo
379 2024 473 2091 atque
495 2017 527 2072 in
549 2016 681 2074 dicendo
704 2016 895 2074 necessitatis
911 2017 1069 2074 excusatio
1092 2033 1238 2090 nonpro·

145 2119 240 2177 batur.
285 2116 365 2174 Nihil
385 2126 431 2174 est
454 2118 534 2174 enim
556 2135 686 2174 necesse
710 2126 750 2191 et,
784 2119 810 2174 si
840 2119 915 2193 quid
935 2127 1030 2185 esset,
1059 2119 1091 2176 id
1113 2136 1241 2176 necesse

146 2227 248 2276 tamen
270 2237 333 2275 non
366 2227 431 2275 erat
463 2217 609 2276 confiteri.
653 2218 694 2275 Et
723 2217 774 2275 hic-
805 2220 940 2292 quidem,
974 2221 1026 2292 qui
1051 2220 1127 2276 hunc
1158 2239 1176 2276 a
1201 2219 1238 2279 L.

143 2315 232 2375 'Aelio
255 2317 319 2394 (sic.
336 2318 469 2394 Popma:
493 2319 587 2378 codd.
603 2327 633 2376 et
649 2320 736 2378 editt.
750 2315 880 2394 Laelio),
896 2321 938 2376 ad
950 2339 1031 2394 quem
1052 2322 1174 2393 scrr'psil,
1192 2322 1241 2378 cui

144 2437 179 2477 se
201 2430 319 2495 purgat,
343 2421 466 2477 ueniam
489 2421 574 2494 petit,
596 2428 628 2476 et
651 2421 744 2476 utitur
778 2439 811 2476 eu
834 2421 1003 2477 traiectione
1032 2421 1186 2478 uerborum
1209 2431 1241 2479 et

143 2520 238 2578 nihilo
261 2530 363 2579 tamen
386 2522 486 2596 aptius
512 2521 613 2596 explet
637 2520 855 2596 concluditque
878 2516 1071 2582 sententias'.
1104 2522 1242 2597 Apparet

143 2624 234 2698 igitur
256 2605 395 2680 Coelium
429 2631 462 2679 ut
484 2622 655 2679 orationem
677 2639 872 2679 numerosam
881 2617 906 2694 8)
936 2622 1082 2691 efficeret,
1116 2624 1242 2699 quade

146 2741 178 2780 re
199 2731 265 2782 toto
287 2723 338 2780 illo
350 2724 418 2780 loco
432 2722 588 2782 Ciceronis
612 2725 720 2798 agitur,
742 2724 922 2781 traiectione
937 2732 1044 2798 aperta
1055 2742 1143 2782 usum
1162 2742 1243 2791 esse,

146 2841 245 2899 neque
269 2825 329 2881 iam
351 2824 524 2881 mirabimur
546 2825 647 2880 uerbis
670 2825 724 2881 illis
748 2825 831 2898 apud
853 2823 1047 2881 Comificium

229 2925 283 2984 has
306 2943 353 2982 res
376 2925 418 2981 ad
440 2933 472 2981 te
494 2925 622 2999 scriptas
647 2924 723 2982 Luci
746 2924 881 2981 misimus
904 2924 972 2982 Aeli

247 3160 267 3226 ¹)
289 3161 333 3210 Sic
353 3165 408 3208 tota
425 3159 507 3223 prima
525 3158 623 3208 familia
641 3159 771 3218 codicum,
791 3173 868 3223 quam
886 3156 986 3208 ‘solam
1004 3175 1052 3223 pro
1072 3158 1243 3207 fundamento

145 3251 274 3314 genuinae
306 3248 449 3311 scripturae
475 3247 502 3295 in
524 3248 672 3296 uniuersum
698 3247 838 3296 habemus'
875 3245 993 3312 (Kayser
1015 3247 1043 3294 in
1063 3245 1117 3295 edit
1144 3245 1244 3294 Comis.

144 3356 169 3403 p.
189 3337 296 3403 XVII).
314 3338 346 3386 In
365 3335 444 3387 codd.
468 3335 544 3385 huius
564 3321 679 3384 familiae
699 3336 805 3400 optimis
825 3336 946 3384 Parisino
972 3351 989 3399 p
1016 3342 1055 3383 est
1076 3334 1190 3392 Coelius,
1217 3335 1244 3382 in

145 3426 265 3474 Parisino
284 3440 305 3475 π
323 3430 349 3473 et
364 3423 572 3488 Herbipolitano
591 3423 618 3472 h.
634 3423 751 3483 Caelius,
773 3405 802 3472 in
819 3408 989 3472 Erfordiensi
1006 3430 1032 3471 et
1050 3424 1207 3470 Emmerano
1228 3438 1246 3486 μ

149 3512 247 3564 Celius.
277 3513 320 3562 Sic
339 3512 416 3562 etiam
436 3512 514 3564 codd.
532 3512 681 3560 Turicensis
694 3518 705 3560 t
718 3512 867 3562 Vossianus
886 3527 921 3559 vo
942 3523 956 3558 2
974 3509 1207 3574 Rhedigeranusp
1224 3522 1246 3560 1.

146 3601 261 3650 Codices
280 3601 425 3650 deteriores
447 3601 523 3649 multi
545 3600 646 3649 habent
665 3599 789 3659 Cecilz'us,
818 3614 885 3664 quos
912 3613 1064 3648 enumerare
1086 3596 1178 3647 inutile
1197 3604 1246 3662 est,

146 3689 208 3754 quia
227 3688 275 3737 illa
292 3688 373 3738 lectio
395 3687 492 3738 nullius
511 3688 597 3754 pretii.

248 3773 271 3843 2)
291 3775 368 3828 Conf.
387 3776 438 3839 srg.
458 3778 528 3842 apud
546 3777 617 3829 Non.
636 3794 662 3843 p.
678 3777 724 3828 80:
744 3774 871 3828 ‘Tantum
889 3774 992 3824 bellum
1011 3773 1139 3824 suscitare
1158 3772 1247 3821 cdnari

147 3863 311 3914 aduersarios
340 3865 430 3914 contra
462 3865 593 3915 bellosum
622 3864 725 3928 genus'.
775 3864 885 3914 Etiamsi
915 3864 974 3914 cod.
1004 3862 1139 3914 Guelferb.
1166 3861 1247 3911 habet

150 3950 274 4012 Cecilius,
292 3959 380 4002 tamen
396 3953 479 4002 uerba
496 3954 533 4002 ita
551 3953 703 4018 scriptorem
722 3952 789 4002 belli
802 3952 972 4002 Hannibalici
990 3950 1122 4009 redolent,
1142 3957 1171 3999 ut
1190 3964 1248 3998 cum

148 4039 243 4088 ceteris
270 4040 456 4091 codd.'Nonii
480 4039 574 4090 Coelio
597 4041 747 4090 tribuantur
770 4039 874 4090 rectius.
916 4039 1005 4089 Aliter
1029 4039 1062 4087 de
1091 4038 1133 4087 his
1159 4037 1249 4087 uerbis

146 4127 246 4177 iudicat
265 4129 310 4180 W.
330 4129 428 4191 Sieglin
448 4130 475 4178 iu
493 4128 580 4178 annal.
600 4128 732 4179 Fleckeis.
752 4129 795 4176 XI
815 4128 942 4193 supplem.
962 4145 987 4193 p.
1007 4140 1031 4188 9.
1147 4119 1148 4131 ¹

1040 4227 1054 4278 7
