2998 4744
708 195 747 254 39

259 359 364 438 ἔρωτα
385 360 478 424 παύει
500 361 601 440 λιμός,
625 362 651 424 εἰ
675 363 710 424 δὲ
733 361 782 439 μή,
805 361 938 438 χρόνος·

260 461 317 524 ἐὰν
340 463 375 524 δὲ
398 464 476 540 μηδὲ
498 467 599 526 ταῦτα
621 463 679 539 τὴν
701 462 811 541 φλόγα
834 462 945 544 σβέσῃ,

259 560 414 640 θεράπειά
436 577 489 626 σοι
512 563 549 627 τὸ
572 562 684 627 λοιπὸν
706 562 856 641 ἠρτήσθω
880 561 1005 641 βρόχος.

171 667 338 724 Seruatum
362 678 409 725 est
439 669 498 726 hoc
521 669 723 742 fragmentum
757 665 808 741 (17
836 664 949 743 Bergk)
975 669 1005 724 in
1033 670 1068 729 Α.
1095 669 1127 740 Ρ,
1150 669 1193 726 IX
1215 684 1276 744 497

170 769 277 826 Laert.
300 768 343 825 VI
366 767 414 841 86,
445 771 528 844 apud
559 769 685 826 Suidam
714 787 736 829 s.
766 787 794 828 α.
819 764 955 843 Κράτης,
986 769 1276 844 paroemiograplros

169 870 264 926 alias:
288 870 367 928 conf.
391 869 554 944 Bergkium
575 877 659 944 poet.
692 870 743 944 lyr.
768 869 859 930 adh.
883 869 900 926 l.
924 869 1058 927 Lucilius
1087 870 1143 926 illis
1173 871 1276 928 uerbis

170 970 350 1045 philosophi
373 972 557 1027 sententiam
580 971 710 1028 deridet.

278 1266 358 1322 Libri
382 1265 513 1322 XXVIII
535 1285 564 1325 u.
589 1265 649 1339 673
676 1266 701 1322 L
728 1283 764 1340 19
786 1266 819 1322 M
841 1267 1038 1341 manuscripti
1061 1267 1140 1326 libri:

261 1367 357 1424 Lucili
380 1368 405 1424 si
426 1367 457 1423 in
479 1385 582 1424 amore
604 1368 733 1424 inritarit
754 1385 811 1425 suo

171 1469 211 1527 L.
236 1486 312 1525 corr.
338 1467 486 1525 Lucilium
509 1455 540 1524 si
559 1487 673 1536 amore,
697 1468 804 1526 Dousa
827 1469 962 1527 Lucilius
988 1470 1016 1526 si
1033 1487 1148 1537 amore,
1170 1487 1276 1544 parum

172 1569 372 1646 probabiliter
392 1587 494 1644 neque
520 1569 551 1626 iu
575 1571 687 1627 tradita
715 1587 778 1626 non
801 1569 952 1627 uiolenter
977 1571 1192 1628 consulentes:
1221 1588 1276 1627 ne·

173 1689 236 1745 que
259 1671 340 1728 enim
363 1689 424 1746 quo
456 1673 552 1729 modo
579 1672 687 1746 aliquis
717 1688 820 1728 amore
851 1672 899 1727 uel
932 1672 963 1728 in
996 1688 1100 1729 amore
1133 1671 1275 1740 irritetur,

173 1779 280 1846 potest
301 1773 436 1846 cogitari.
463 1759 596 1828 ¹Littera
619 1791 681 1829 una
702 1781 820 1830 mutata
842 1781 926 1830 recte
949 1773 1093 1831 dicuutur
1113 1773 1190 1832 haec

260 1871 368 1938 Lucili,
390 1872 416 1928 si
438 1891 487 1930 me
509 1890 593 1930 more
615 1874 742 1931 inritarit
764 1891 820 1930 suo

178 1974 325 2030 incitaris
348 1980 394 2030 luo
429 1993 498 2032 cum
520 1974 667 2032 Muellero
698 1992 762 2031 non
796 1975 893 2032 ausim
915 1975 1057 2043 scribere,
1091 1975 1116 2031 si
1151 1975 1276 2050 quidem

177 2073 282 2130 Lucili
301 2075 463 2148 genetiuus
485 2075 566 2132 bene
588 2093 658 2132 esse
683 2083 795 2150 potest.

277 2367 368 2424 Libro
393 2366 525 2424 XXVIII
549 2385 578 2425 u.
604 2382 662 2442 70²
687 2367 712 2424 L
737 2382 776 2439 24
793 2367 825 2424 M

261 2469 355 2526 uitam
378 2486 415 2525 ac
437 2468 574 2526 fortunas
598 2469 644 2526 cui
667 2469 911 2525 concrediderim
933 2487 1026 2528 meas.

177 2570 368 2626 Sententiam
401 2570 528 2645 suppleo
573 2589 611 2626 ex
645 2568 809 2625 Menandri
841 2568 978 2627 uersibus
1011 2563 1054 2646 (4,
1080 2585 1140 2644 240
1161 2566 1277 2649 Mein),

178 2670 258 2726 sicut
280 2669 352 2725 artis
368 2670 513 2744 antiquae
536 2671 623 2744 periti
639 2670 812 2745 sculpturae
830 2670 952 2728 deletae
969 2669 1140 2745 fragmenta
1164 2688 1271 2744 recog-

176 2778 310 2828 noscunt
333 2771 476 2828 similibus
500 2772 720 2846 exemplaribas
740 2771 838 2828 minus
862 2788 941 2845 quae
962 2780 1106 2846 corrupta
1126 2780 1197 2829 sunt
1214 2772 1276 2828 col·

174 2873 259 2930 latis:
284 2881 354 2928 sunt
376 2890 450 2928 uero
472 2872 517 2930 hi:

260 2967 319 3031 οὐκ
341 2968 376 3031 ἐκ
397 2967 506 3031 πότων
526 2967 577 3031 καὶ
599 2969 656 3044 τῆς
679 2964 748 3030 καθ’
769 2964 891 3045 ἡμέραν
915 2971 1040 3045 τρυφῆς

259 3072 423 3147 Ζητοῦμεν,
445 3069 471 3146 ᾧ
493 3067 761 3145 πιστεύσομεν
782 3067 830 3131 τὰ
852 3071 920 3130 τοῦ
943 3067 1037 3146 βίου,

259 3168 368 3248 πάτερ,
393 3167 432 3234 οὗ
454 3169 602 3248 περιττὸν
625 3167 701 3232 οἴετ’
725 3167 929 3246 ἐξευρηκέναι

260 3270 383 3347 ἀγαθὸν
406 3269 553 3349 ἕκαστος,
577 3269 617 3334 ἂν
639 3269 696 3353 ἔχῃ
720 3270 816 3347 φίλον
838 3269 940 3332 σκίαν.

175 3377 283 3451 Agitur
307 3377 397 3450 igitur
421 3375 451 3432 iu
476 3394 503 3434 u.
526 3375 576 3432 illo
595 3375 703 3432 Lucilii
715 3376 755 3432 de
771 3376 937 3432 amicorum
950 3375 1189 3447 comparatione.

276 3596 358 3653 Libri
380 3593 482 3651 XXIX
497 3611 525 3653 ιι.
549 3607 606 3668 745
630 3592 654 3649 L
686 3607 724 3665 24
747 3593 779 3649 M
803 3591 927 3650 codices
950 3609 1058 3648 omnes
1084 3587 1176 3663 (Non.
1199 3607 1222 3648 S.
1245 3608 1274 3647 u.

175 3698 350 3771 coniungere
371 3714 400 3771 p.
425 3693 479 3770 36)

260 3815 351 3873 quam
373 3797 445 3854 mihi
469 3805 616 3871 quantum
639 3806 687 3854 est
709 3797 788 3853 inter
810 3795 977 3851 humanum
999 3811 1096 3868 genus

259 3916 419 3972 rerumque
442 3899 520 3954 inter
543 3916 577 3953 se
601 3900 769 3972 coniungat
792 3894 996 3953 communicat

176 4019 245 4057 cum
269 4001 392 4057 tradant
415 3999 651 4074 corruptissima,
678 4001 819 4076 grauiore
847 3997 1002 4054 medimna
1031 3996 1072 4052 ad
1094 3995 1167 4052 uitia
1189 3995 1272 4050 inue-

176 4110 275 4158 terata
298 4103 433 4158 curanda
456 4118 534 4175 opus
557 4117 626 4156 esse
650 4109 785 4176 apparet.
835 4097 998 4174 Coniungal
1027 4105 1110 4156 recte
1137 4095 1272 4155 codIces

1381 4161 1474 4272 A
