2998 4744
761 241 798 298 42

236 411 333 484 sisset,
358 413 518 478 uomicam,
541 429 620 488 quae
642 429 661 466 a
682 412 764 469 nullo
786 412 976 469 medicorum
992 413 1092 470 sanari
1114 419 1265 487 potuerat,
1290 413 1333 468 ita

236 512 323 587 rupit,
346 521 380 569 ut
401 512 555 570 hominem
575 512 720 587 pestifero
743 514 824 570 malo
847 509 1010 572 liberaret'.

340 843 421 900 Libri
448 843 535 900 XXX
577 843 746 918 fragmenta
784 842 931 899 nonnulla
965 843 1076 898 eadem
1114 841 1231 900 ratione
1272 859 1333 916 qua

237 952 330 1002 antea
351 945 381 1000 in
405 944 479 1001 libro
502 944 606 1001 XXVI
629 953 769 1001 uersatus
792 962 858 1000 sum
878 943 1044 1000 emendare
1067 943 1256 1016 interpretari
1279 960 1328 998 co-

235 1045 340 1119 pulare
364 1046 512 1102 conabor:
545 1046 664 1122 singula
687 1055 769 1103 recte
791 1054 824 1102 ut
848 1045 1061 1118 intellegamus
1085 1043 1218 1117 inprimis
1242 1042 1329 1100 adhi-

235 1147 339 1205 benda
371 1155 418 1204 est
447 1147 566 1205 Horatii
599 1157 654 1206 sat.
679 1149 692 1204 Ι
720 1156 792 1220 4et
814 1147 843 1203 II
869 1163 879 1202 1
919 1163 1021 1221 neque
1054 1162 1239 1220 quemquam
1277 1146 1327 1220 qui

238 1247 303 1304 libri
324 1249 414 1308 XXX
440 1249 581 1326 reliquias
604 1258 723 1307 attente
746 1249 905 1324 perlegerit
932 1255 1008 1321 puto
1037 1245 1152 1320 fugisse
1182 1245 1331 1303 Lucilium

236 1351 314 1407 sicut
342 1349 415 1406 libro
438 1349 544 1407 XXVI
567 1351 718 1408 rationem
747 1349 885 1407 satiricae
913 1347 1016 1422 poesis
1040 1364 1195 1423 exponere
1218 1348 1331 1404 collau·

236 1451 310 1508 dare
333 1450 511 1510 defendere.
558 1454 660 1530 Atque
682 1452 812 1527 primum
843 1449 1004 1507 audiamus
1029 1447 1136 1505 Lucilii
1161 1466 1253 1524 quem
1276 1448 1332 1504 sibl

236 1551 305 1609 fecit
330 1553 539 1610 aduersarium
561 1572 589 1611 u.
613 1551 673 1628 893
697 1552 722 1611 L
749 1567 807 1608 110
829 1551 877 1608 M:

318 1653 366 1712 hic
387 1663 421 1710 ut
442 1655 629 1728 muscipulae
652 1662 755 1711 tentae
778 1662 871 1728 atque
894 1659 927 1708 ut
950 1643 1078 1726 scorpio’
1103 1651 1203 1708 cauda

319 1755 439 1812 sublata

236 1855 325 1928 Quae
349 1856 443 1913 uerba
464 1853 562 1912 refero
584 1856 625 1911 ad
648 1854 796 1911 Lucilium
830 1854 930 1928 ipsum
964 1859 998 1909 ut
1030 1851 1185 1908 hominem
1214 1853 1331 1927 pericu·

236 1956 333 2014 losum
356 1965 387 2013 et
408 1957 602 2014 insidiosum:
626 1957 705 2012 bene
728 1955 919 2030 explicantur
941 1955 1016 2013 Hor.
1041 1963 1097 2012 sat.
1121 1956 1148 2013 II
1173 1971 1197 2024 1,
1225 1971 1282 2028 44:

883 2059 923 2114 At
944 2057 994 2114 ille

319 2157 370 2234 qui
393 2176 442 2215 me
465 2159 677 2215 commorit-
700 2157 807 2215 melius
831 2176 894 2215 non
915 2153 1059 2233 tangere!
1084 2157 1182 2215 clamo
1205 2162 1264 2196 -'

317 2259 405 2316 flebit
428 2268 458 2316 et
481 2259 607 2334 insignis
631 2268 699 2317 tota
721 2259 893 2316 cantabitur
915 2260 998 2319 urbe.

235 2359 322 2416 Idem
345 2368 402 2418 sat.
425 2361 438 2416 Ι
458 2377 488 2434 4,
512 2378 552 2435 34

318 2457 476 2521 ‘Faenum
497 2464 591 2521 habet
610 2465 641 2521 in
662 2483 766 2532 cornu,
790 2465 881 2540 louge
905 2462 990 2537 luge:
1014 2464 1188 2520 dummodo
1204 2463 1297 2519 risum

318 2566 452 2622 excutiat
474 2567 539 2634 sibi,
563 2585 626 2623 non
648 2566 696 2623 hic
718 2567 860 2641 cuiquam
881 2573 987 2639 parcet
1012 2564 1110 2622 amico

319 2673 350 2722 et
372 2668 580 2742 quodcunque
603 2667 696 2724 semel
720 2667 829 2725 chartis
851 2665 988 2732 illeuerit,
1012 2673 1120 2721 omnes

318 2767 430 2840 gestiet
453 2786 471 2823 a
491 2767 579 2824 lurno
602 2769 767 2824 redeuntes
788 2767 863 2823 scire
887 2766 1018 2840 lacuque

320 2875 351 2924 et
374 2887 485 2943 pueros
508 2877 539 2925 et
562 2863 663 2928 anus'.
689 2900 725 2908 -
749 2869 904 2942 Agedum,
927 2886 1025 2943 pauca
1049 2868 1151 2943 accipe
1174 2875 1289 2926 contra.

236 2981 284 3038 De
306 2985 466 3041 tralatione
481 2986 560 3044 conl.
585 2977 771 3067 [Demosth.]
795 2987 928 3058 Aristog.
943 2986 968 3041 A
983 2999 1019 3057 52
1044 2979 1128 3043 Ἀλλ’
1153 2979 1212 3058 οὐχ
1235 2977 1332 3056 οὗτος

235 3079 332 3142 οὐδὲν
348 3130 353 3142 .
371 3130 377 3142 .
398 3079 498 3144 ,ἀλλὰ
521 3083 692 3161 πορεύεται
706 3082 758 3145 διὰ
768 3086 826 3161 τῆς
842 3081 966 3159 ἀγορᾶς
978 3080 1089 3159 ὥσπερ
1105 3079 1172 3158 ἔχις
1189 3079 1331 3157 ἢσκορ-

236 3180 330 3258 πίος
352 3181 478 3264 ῄρκὼς
499 3183 544 3246 τὸ
568 3183 744 3261 κέντρον,
775 3184 879 3264 ᾄττων
909 3184 1008 3258 δεῦρο
1031 3179 1168 3259 κάκεῖσε,
1198 3184 1331 3245 σκοπῶν

235 3279 295 3343 τίνι
310 3279 515 3358 σομφορὰνῆ
541 3281 747 3359 βλασφημίαν
763 3281 782 3358 ἢ
806 3280 905 3344 κακόν
928 3302 956 3344 τι
979 3280 1265 3359 προστριψάμενος
1281 3280 1333 3344 καὶ

236 3381 444 3458 καταστήσας
471 3379 517 3459 εἰς
546 3381 651 3460 φόβον
680 3382 833 3460 ἀργύριον
860 3381 1072 3459 εἰσπράξεται.
1103 3386 1177 3445 Poll.
1198 3386 1242 3442 VI
1275 3400 1329 3459 125

235 3485 272 3545 A.
296 3484 329 3542 P.
353 3486 396 3543 XI
420 3482 520 3560 227¹).
546 3516 582 3524 -
613 3486 795 3559 Respondet
828 3485 897 3542 huic
931 3495 1026 3561 poeta
1054 3505 1105 3546 uu.
1129 3485 1199 3561 877.
1223 3485 1331 3560 878L

242 3602 287 3659 14.
316 3601 350 3658 15
373 3587 405 3644 M
428 3586 547 3643 Horatii
571 3605 598 3646 u.
623 3585 703 3660 381.
727 3586 744 3644 l.
768 3587 915 3643 similibus

320 3687 493 3746 summatim
515 3695 619 3744 tamen
642 3687 782 3762 experiar
804 3687 978 3756 rescribere,
1003 3687 1110 3762 paucis

320 3787 366 3846 his
390 3797 420 3845 te
443 3789 580 3845 uersibus
603 3790 722 3845 interea
745 3781 903 3844 contentu’
929 3796 1045 3846 teneto

235 3971 433 3982 ——-——-..

339 4082 357 4145 ¹)
376 4084 506 4133 Lucilium
536 4084 652 4150 aliquem
675 4091 778 4149 tropum
804 4084 965 4134 Graecorum
994 4082 1122 4134 adhibere
1147 4080 1333 4146 comprobatur

237 4173 337 4222 Graeca
356 4171 439 4220 forma
457 4175 585 4238 scorpios.
