2998 4744
696 239 733 297 25

249 406 283 483 ἐς
305 405 363 483 τὴν
386 404 519 485 ἀγοράν,
541 404 665 483 τοῦψον
687 404 863 484 πριάμενος
886 403 1009 483 οἴχεται

247 508 357 586 φέρων
380 506 465 571 ἅπαν
486 508 524 570 τὸ
547 508 680 586 ληφθέν,
702 507 787 571 ὥστε
809 507 951 583 γίγνεται

250 609 375 686 ἐντοῖς
398 607 551 687 λαχάνοις
573 609 611 672 τὸ
634 609 747 674 λοιπὸν
770 607 843 688 ἡμῖν
865 606 885 685 ἡ
909 607 1001 686 μάχη.

163 749 293 807 quorum
315 731 399 788 initio
424 739 493 791 sunt
508 751 556 789 uu.
579 733 641 788 duo
664 730 788 806 Turpilii
810 729 957 788 Demetrii
975 747 1025 805 ap.
1047 728 1128 788 Non.
1152 748 1180 804 p.
1204 727 1265 800 488

162 832 270 907 (Ribb.
293 832 327 889 fr.
350 850 428 889 com.
451 831 519 892 Lat.
548 851 578 909 p.
603 829 655 907 75)
678 833 790 890 seruati
817 833 868 908 qui
896 832 1115 907 respondeant.
1158 830 1266 905 Itaque

161 936 243 991 duos
268 933 428 1008 χειμῶνας
461 951 530 992 sese
552 949 645 991 nosse
673 935 755 992 solos
780 931 875 1007 Cotys
903 934 976 990 dicit
1005 933 1088 1008 apud
1109 931 1266 1000 Lucilium,

161 1053 228 1093 non
251 1030 404 1110 ἀνέμουςε
427 1036 512 1112 quod
540 1044 700 1111 utrumque
723 1041 825 1091 uentus
846 1035 1025 1092 uocabulum
1046 1041 1151 1108 potest
1173 1033 1265 1108 signi-
1301 1093 1303 1098 ,

161 1138 267 1197 ficare:
291 1137 411 1194 tertium
433 1155 530 1212 genus
554 1137 678 1195 omnino
700 1155 764 1193 nou
786 1136 926 1210 agnoscit
945 1134 1048 1192 Thrax
1072 1135 1207 1190 auriellos
1226 1151 1266 1190 ex

161 1235 255 1296 nimbo
277 1255 353 1313 quos
375 1238 517 1313 appellat.
563 1235 633 1294 on
655 1236 769 1294 nabibus
790 1236 870 1294 bene
894 1235 1055 1294 sehabet:
1078 1235 1158 1295 conf.
1177 1236 1265 1294 Lucr.

163 1339 210 1396 VI
235 1337 294 1411 256
317 1355 397 1413 sqq.:

246 1455 409 1515 Praeterea
431 1473 580 1532 persaepe
602 1456 688 1530 niger
710 1473 831 1531 quoque
854 1473 910 1531 per
931 1473 1014 1514 mare
1035 1454 1150 1512 nimbus

248 1564 281 1612 ut
301 1556 375 1631 picis
398 1556 523 1628 ecaelo
547 1556 713 1613 demissum
735 1555 856 1624 flumen,
879 1555 910 1611 in
931 1557 1031 1613 undas

250 1658 292 1716 sic
314 1658 396 1715 cadit
418 1658 540 1715 effertus
563 1657 696 1715 tenebris
719 1657 822 1731 procul
844 1664 876 1713 et
898 1657 988 1714 trahit
1011 1665 1108 1715 atram

249 1757 420 1815 fulminibus
442 1759 601 1832 grauidam
625 1767 842 1834 tempestatem
868 1767 959 1833 atque
992 1757 1130 1834 procellis

246 1859 364 1935 ignibus
385 1877 421 1916 ac
442 1858 533 1915 ueniri
554 1877 622 1916 cum
644 1859 745 1934 primis
769 1861 827 1935 ipse
848 1861 974 1936 repleius
996 1905 1003 1918 .
1028 1904 1035 1919 .
1059 1904 1066 1918 .
1090 1879 1118 1917 e.
1135 1875 1163 1933 q.
1187 1877 1211 1918 s

165 1976 236 2035 Huc
270 1994 366 2052 usque
400 1977 472 2034 licet
501 1977 531 2034 in
564 1978 815 2054 interpretatione
851 1978 969 2035 illorum
991 1963 1099 2034 Lubilii
1121 1995 1265 2036 uersuum

165 2079 334 2156 pervenire,
358 2079 487 2154 amplius
503 2080 577 2156 quid
590 2080 762 2155 significent
782 2081 840 2137 nisi
862 2080 951 2136 nouis
968 2080 1177 2155 explicationis
1194 2079 1265 2136 sub·

164 2181 250 2239 sidiis
273 2181 399 2257 repertis
421 2182 561 2256 indagari
583 2182 634 2238 uix
657 2182 779 2257 poterit.
821 2181 966 2238 Fortasse
989 2181 1148 2238 translatio
1170 2181 1230 2238 ista
1241 2177 1264 2256 1)

162 2282 204 2338 de
227 2291 329 2340 austro
363 2290 394 2338 et
417 2282 561 2357 aquilone
595 2283 673 2338 inter
706 2299 739 2339 se
762 2281 981 2338 reluctantibus
1012 2281 1113 2339 uentis
1137 2298 1175 2337 eo
1197 2297 1266 2357 per-

161 2383 241 2439 tinet
251 2384 347 2459 ‘quod
371 2384 412 2439 de
434 2382 548 2458 duplici
570 2383 662 2458 genio
685 2383 858 2440 hominibus
881 2383 1006 2458 singulis
1018 2383 1162 2459 adposito
1186 2390 1266 2438 teste

161 2481 331 2540 Censorino
365 2483 397 2542 d.
430 2478 479 2540 die
513 2491 576 2544 nat.
597 2483 642 2540 III
665 2498 682 2556 3
716 2483 793 2539 libro
827 2490 998 2540 saturarum
1029 2482 1103 2539 XVI
1130 2482 1264 2539 Lucillus

160 2585 239 2659 egit:
273 2601 350 2660 quos
382 2602 454 2642 vero
478 2580 642 2658 σκηπτούς
663 2585 714 2642 uul
738 2579 967 2659 καταιγισμούς
1000 2592 1094 2659 poeta
1127 2584 1192 2640 istis
1227 2601 1266 2640 ex

160 2684 266 2741 nimbo
289 2685 425 2742 austellis
449 2685 634 2760 significarit,
661 2686 752 2762 plane
781 2687 939 2745 incertum.
981 2684 1025 2742 Ut
1047 2687 1085 2743 ab
1108 2686 1165 2742 hac
1188 2683 1266 2740 hari-

161 2785 298 2843 olatione
321 2787 362 2843 ad
386 2787 496 2844 certius
518 2787 634 2863 aliquid
656 2788 871 2863 transgrediar,
899 2788 1047 2845 monitum
1071 2787 1163 2843 uelim
1186 2786 1266 2843 hanc

161 2889 203 2946 de
226 2888 340 2964 duplici
370 2889 463 2963 genio
486 2889 659 2946 doctrinam
682 2888 720 2946 ab
743 2889 933 2964 Empedocle
965 2905 1035 2946 esse
1058 2889 1265 2962 excogitatam

168 3063 367 3071 -—-——-——-

266 3177 285 3246 ¹)
306 3181 388 3246 Quam
408 3181 513 3247 quidem
538 3181 735 3232 translationem
759 3180 954 3231 usitatissimam
978 3196 1038 3230 esse
1061 3181 1106 3230 uix
1129 3186 1169 3229 est
1193 3179 1266 3247 quod

161 3284 293 3320 moneam:
314 3270 433 3319 conferas
452 3270 533 3319 uelim
551 3271 630 3321 Hom.
648 3270 662 3318 1
685 3279 711 3334 5:

312 3357 351 3421 ὡς
370 3355 394 3411 δ’
413 3357 511 3422 όνεμοι
530 3358 582 3411 buo
600 3359 707 3412 πόντον
726 3357 853 3425 ὀρίνετον
872 3357 1020 3423 ἰχθυόεντα

314 3445 419 3512 Βορέης
439 3448 484 3499 καὶ
503 3446 635 3513 Ζέφυρος
652 3447 694 3500 τώ
712 3463 744 3500 τε
764 3447 912 3515 θρηκηθεν
931 3447 1021 3513 ἄητον

312 3533 420 3588 ἐλθόντ’
440 3534 571 3601 ἐξαπίνης
590 3576 703 3588 .....

313 3623 352 3688 ὣς
371 3624 496 3678 {hallero
516 3625 603 3689 θυμός
621 3625 663 3677 ἑνὶ
682 3624 832 3691 στήθεσσιν
848 3625 976 3691 Ἀχαιῶν,

160 3711 242 3777 Apud
260 3711 370 3777 Antiph.
389 3723 413 3774 3,
436 3723 483 3762 111
505 3712 586 3764 Mein.
606 3713 669 3762 dicit
690 3714 819 3778 parasitus

461 3801 506 3853 καὶ
525 3803 640 3854 καλοῦσι
660 3798 687 3866 μ’
707 3800 734 3854 ol
751 3801 887 3866 νεώτεροι

313 3886 358 3940 διὰ
369 3891 461 3941 ταθτα
478 3887 572 3942 πάντα
586 3889 729 3954 σκηπτόν·
749 3888 828 3956 (cons.
848 3889 943 3939 Alexis
963 3901 989 3951 3,
1008 3887 1070 3953 467)

162 3993 277 4059 Eupolis
300 4005 324 4056 2,
346 4006 396 4058 570
415 3995 496 4046 Mein.
520 3994 681 4044 nebulonem
706 3996 837 4062 quendam
856 4003 933 4045 uocat
952 3977 1054 4058 ἄνεμος
1072 3995 1117 4046 καὶ
1137 3994 1264 4058 blaesos:

160 4097 239 4147 porro
259 4076 384 4146 σκηπτὸς
402 4081 491 4145 πόθος
518 4080 621 4143 (πόθου
640 4082 747 4149 Iacobs)
769 4083 885 4148 Aspasia
902 4099 942 4149 ap.
962 4081 1061 4132 Athen.
1080 4082 1105 4130 V
1124 4097 1150 4147 p.
1170 4092 1222 4142 219
1241 4082 1265 4130 E

161 4167 246 4238 (conl.
265 4169 336 4220 Plut.
358 4178 465 4222 amator.
487 4172 519 4221 16
538 4187 602 4221 mor.
617 4186 643 4236 p.
664 4184 715 4238 759
735 4171 770 4240 F)
789 4179 816 4222 et
835 4171 931 4222 similia
949 4170 1054 4237 passim.
1069 4197 1101 4208 ·-
