<?xml version="1.0" encoding="UTF-8"?>
<!DOCTYPE html PUBLIC "-//W3C//DTD XHTML 1.0 Transitional//EN"
    "http://www.w3.org/TR/xhtml1/DTD/xhtml1-transitional.dtd">
<html xmlns="http://www.w3.org/1999/xhtml" xml:lang="en" lang="en">
 <head>
  <title>
</title>
<meta http-equiv="Content-Type" content="text/html;charset=utf-8" />
  <meta name='ocr-system' content='tesseract 3.04.00' />
  <meta name='ocr-capabilities' content='ocr_page ocr_carea ocr_par ocr_line ocrx_word'/>
</head>
<body>
  <div class='ocr_page' id='page_1' title='image "./studialuciliana00marxgoog_0089.png"; bbox 0 0 2980 4752; ppageno 0'>
   <div class='ocr_carea' id='block_1_1' title="bbox 737 213 778 288">
    <p class='ocr_par' dir='ltr' id='par_1_1' title="bbox 737 213 778 288">
     <span class='ocr_line' id='line_1_1' title="bbox 737 213 778 288; baseline 0.073 -17"><span class='ocrx_word' id='word_1_1' title='bbox 737 213 778 288; x_wconf 70' lang='lat'>76,</span> 
     </span>
    </p>
   </div>
   <div class='ocr_carea' id='block_1_2' title="bbox 209 395 1312 2091">
    <p class='ocr_par' dir='ltr' id='par_1_2' title="bbox 209 395 1312 1485">
     <span class='ocr_line' id='line_1_2' title="bbox 293 395 1125 476; baseline -0.002 -19"><span class='ocrx_word' id='word_1_2' title='bbox 293 400 378 473; x_wconf 89' lang='lat' dir='ltr'>Quid</span> <span class='ocrx_word' id='word_1_3' title='bbox 400 397 494 460; x_wconf 84' lang='lat' dir='ltr'>dicis?</span> <span class='ocrx_word' id='word_1_4' title='bbox 516 418 568 459; x_wconf 89' lang='lat' dir='ltr'>cur</span> <span class='ocrx_word' id='word_1_5' title='bbox 591 409 638 458; x_wconf 91' lang='lat' dir='ltr'>est</span> <span class='ocrx_word' id='word_1_6' title='bbox 661 401 782 469; x_wconf 85' lang='lat' dir='ltr'>lactum,</span> <span class='ocrx_word' id='word_1_7' title='bbox 806 401 891 476; x_wconf 92' lang='lat' dir='ltr'>quod</span> <span class='ocrx_word' id='word_1_8' title='bbox 913 400 1004 457; x_wconf 89' lang='lat' dir='ltr'>coicis</span> <span class='ocrx_word' id='word_1_9' title='bbox 1027 395 1125 457; x_wconf 82' lang='lat' dir='ltr'>istuc?</span> 
     </span>
     <span class='ocr_line' id='line_1_3' title="bbox 210 501 1308 577; baseline -0.002 -19"><span class='ocrx_word' id='word_1_10' title='bbox 210 502 320 576; x_wconf 91' lang='lat' dir='ltr'>quibus</span> <span class='ocrx_word' id='word_1_11' title='bbox 341 502 422 559; x_wconf 88' lang='lat' dir='ltr'>bene</span> <span class='ocrx_word' id='word_1_12' title='bbox 445 502 528 559; x_wconf 88' lang='lat' dir='ltr'>illum</span> <span class='ocrx_word' id='word_1_13' title='bbox 550 501 624 560; x_wconf 88' lang='lat' dir='ltr'>facit</span> <span class='ocrx_word' id='word_1_14' title='bbox 648 510 848 577; x_wconf 85' lang='lat' dir='ltr'>usurpantem</span> <span class='ocrx_word' id='word_1_15' title='bbox 870 501 935 558; x_wconf 91' lang='lat' dir='ltr'>iure</span> <span class='ocrx_word' id='word_1_16' title='bbox 951 501 1156 558; x_wconf 89' lang='lat' dir='ltr'>consultorum</span> <span class='ocrx_word' id='word_1_17' title='bbox 1179 501 1308 557; x_wconf 90' lang='lat' dir='ltr'>uerbum</span> 
     </span>
     <span class='ocr_line' id='line_1_4' title="bbox 210 599 1309 678; baseline -0.002 -20"><span class='ocrx_word' id='word_1_18' title='bbox 210 603 326 671; x_wconf 80' lang='lat' dir='ltr'>cor&#39;cere,</span> <span class='ocrx_word' id='word_1_19' title='bbox 349 601 377 661; x_wconf 93' lang='lat' dir='ltr'>h.</span> <span class='ocrx_word' id='word_1_20' title='bbox 401 622 427 661; x_wconf 92' lang='lat' dir='ltr'>e.</span> <span class='ocrx_word' id='word_1_21' title='bbox 452 621 540 678; x_wconf 82' lang='lat' dir='ltr'>agere</span> <span class='ocrx_word' id='word_1_22' title='bbox 555 599 586 678; x_wconf 90' lang='lat'>¹),</span> <span class='ocrx_word' id='word_1_23' title='bbox 616 621 732 660; x_wconf 88' lang='lat' dir='ltr'>causam</span> <span class='ocrx_word' id='word_1_24' title='bbox 755 603 869 670; x_wconf 82' lang='lat' dir='ltr'>coicere,</span> <span class='ocrx_word' id='word_1_25' title='bbox 893 619 930 658; x_wconf 85' lang='lat' dir='ltr'>ex</span> <span class='ocrx_word' id='word_1_26' title='bbox 954 601 1021 678; x_wconf 87' lang='lat' dir='ltr'>lege</span> <span class='ocrx_word' id='word_1_27' title='bbox 1043 601 1103 659; x_wconf 87' lang='lat' dir='ltr'>XII</span> <span class='ocrx_word' id='word_1_28' title='bbox 1125 601 1309 670; x_wconf 88' lang='lat' dir='ltr'>tabularum,</span> 
     </span>
     <span class='ocr_line' id='line_1_5' title="bbox 209 699 1307 778; baseline -0.002 -19"><span class='ocrx_word' id='word_1_29' title='bbox 209 703 261 759; x_wconf 93' lang='lat' dir='ltr'>ubi</span> <span class='ocrx_word' id='word_1_30' title='bbox 284 712 330 760; x_wconf 92' lang='lat' dir='ltr'>est</span> <span class='ocrx_word' id='word_1_31' title='bbox 352 703 383 760; x_wconf 92' lang='lat' dir='ltr'>in</span> <span class='ocrx_word' id='word_1_32' title='bbox 404 703 509 760; x_wconf 89' lang='lat' dir='ltr'>tabula</span> <span class='ocrx_word' id='word_1_33' title='bbox 532 702 561 763; x_wconf 93' lang='lat' dir='ltr'>I:</span> <span class='ocrx_word' id='word_1_34' title='bbox 585 699 679 761; x_wconf 90' lang='lat' dir='ltr'>‘Rem</span> <span class='ocrx_word' id='word_1_35' title='bbox 701 703 752 760; x_wconf 93' lang='lat' dir='ltr'>ubi</span> <span class='ocrx_word' id='word_1_36' title='bbox 775 711 900 778; x_wconf 88' lang='lat' dir='ltr'>pacunt,</span> <span class='ocrx_word' id='word_1_37' title='bbox 922 711 1020 760; x_wconf 87' lang='lat' dir='ltr'>orat0.</span> <span class='ocrx_word' id='word_1_38' title='bbox 1066 701 1103 760; x_wconf 90' lang='lat' dir='ltr'>Ni</span> <span class='ocrx_word' id='word_1_39' title='bbox 1124 710 1249 777; x_wconf 90' lang='lat' dir='ltr'>pacunt‚</span> <span class='ocrx_word' id='word_1_40' title='bbox 1274 702 1307 758; x_wconf 91' lang='lat' dir='ltr'>in</span> 
     </span>
     <span class='ocr_line' id='line_1_6' title="bbox 210 801 1310 863; baseline 0 -3"><span class='ocrx_word' id='word_1_41' title='bbox 210 802 334 860; x_wconf 90' lang='lat' dir='ltr'>comitio</span> <span class='ocrx_word' id='word_1_42' title='bbox 357 805 462 861; x_wconf 91' lang='lat' dir='ltr'>autin</span> <span class='ocrx_word' id='word_1_43' title='bbox 484 803 550 861; x_wconf 84' lang='lat' dir='ltr'>loro</span> <span class='ocrx_word' id='word_1_44' title='bbox 576 814 647 863; x_wconf 88' lang='lat' dir='ltr'>ante</span> <span class='ocrx_word' id='word_1_45' title='bbox 672 804 832 862; x_wconf 85' lang='lat' dir='ltr'><strong>meridiem</strong></span> <span class='ocrx_word' id='word_1_46' title='bbox 855 821 996 862; x_wconf 85' lang='lat' dir='ltr'>caussam</span> <span class='ocrx_word' id='word_1_47' title='bbox 1019 804 1186 862; x_wconf 87' lang='lat' dir='ltr'>coiciunto.</span> <span class='ocrx_word' id='word_1_48' title='bbox 1229 801 1310 861; x_wconf 90' lang='lat' dir='ltr'>Com</span> 
     </span>
     <span class='ocr_line' id='line_1_7' title="bbox 209 904 1310 980; baseline 0.003 -22"><span class='ocrx_word' id='word_1_49' title='bbox 209 911 372 976; x_wconf 88' lang='lat' dir='ltr'>peroranto</span> <span class='ocrx_word' id='word_1_50' title='bbox 392 904 482 961; x_wconf 90' lang='lat' dir='ltr'>ambo</span> <span class='ocrx_word' id='word_1_51' title='bbox 504 913 695 980; x_wconf 86' lang='lat' dir='ltr'>praesentes.</span> <span class='ocrx_word' id='word_1_52' title='bbox 740 905 815 963; x_wconf 90' lang='lat' dir='ltr'>Post</span> <span class='ocrx_word' id='word_1_53' title='bbox 846 905 1005 961; x_wconf 85' lang='lat' dir='ltr'>meridiem</span> <span class='ocrx_word' id='word_1_54' title='bbox 1038 906 1194 978; x_wconf 87' lang='lat' dir='ltr'>praesenti</span> <span class='ocrx_word' id='word_1_55' title='bbox 1224 905 1310 961; x_wconf 89' lang='lat' dir='ltr'>litem</span> 
     </span>
     <span class='ocr_line' id='line_1_8' title="bbox 211 998 1312 1082; baseline 0.003 -24"><span class='ocrx_word' id='word_1_56' title='bbox 211 998 372 1064; x_wconf 87' lang='lat' dir='ltr'>addicito’.</span> <span class='ocrx_word' id='word_1_57' title='bbox 419 1003 516 1063; x_wconf 90' lang='lat' dir='ltr'>Uersu</span> <span class='ocrx_word' id='word_1_58' title='bbox 538 1006 629 1080; x_wconf 85' lang='lat' dir='ltr'>igitur</span> <span class='ocrx_word' id='word_1_59' title='bbox 650 1023 742 1081; x_wconf 89' lang='lat' dir='ltr'>supra</span> <span class='ocrx_word' id='word_1_60' title='bbox 760 1007 862 1082; x_wconf 89' lang='lat' dir='ltr'>posito</span> <span class='ocrx_word' id='word_1_61' title='bbox 885 1007 1005 1081; x_wconf 88' lang='lat' dir='ltr'>quaerit</span> <span class='ocrx_word' id='word_1_62' title='bbox 1028 1005 1178 1063; x_wconf 90' lang='lat' dir='ltr'>Scaeuola</span> <span class='ocrx_word' id='word_1_63' title='bbox 1201 1023 1238 1061; x_wconf 86' lang='lat' dir='ltr'>ex</span> <span class='ocrx_word' id='word_1_64' title='bbox 1255 1004 1312 1062; x_wconf 90' lang='lat' dir='ltr'>Al-</span> 
     </span>
     <span class='ocr_line' id='line_1_9' title="bbox 209 1105 1310 1181; baseline 0.004 -21"><span class='ocrx_word' id='word_1_65' title='bbox 209 1105 301 1163; x_wconf 91' lang='lat' dir='ltr'>bucio</span> <span class='ocrx_word' id='word_1_66' title='bbox 324 1123 398 1164; x_wconf 86' lang='lat' dir='ltr'>uera</span> <span class='ocrx_word' id='word_1_67' title='bbox 421 1124 501 1181; x_wconf 88' lang='lat' dir='ltr'>quae</span> <span class='ocrx_word' id='word_1_68' title='bbox 525 1108 564 1164; x_wconf 89' lang='lat' dir='ltr'>sit</span> <span class='ocrx_word' id='word_1_69' title='bbox 586 1109 791 1166; x_wconf 87' lang='lat' dir='ltr'>accusationis</span> <span class='ocrx_word' id='word_1_70' title='bbox 815 1124 921 1166; x_wconf 88' lang='lat' dir='ltr'>causa:</span> <span class='ocrx_word' id='word_1_71' title='bbox 958 1125 1063 1165; x_wconf 90' lang='lat' dir='ltr'>ueram</span> <span class='ocrx_word' id='word_1_72' title='bbox 1085 1125 1208 1165; x_wconf 90' lang='lat' dir='ltr'>causam</span> <span class='ocrx_word' id='word_1_73' title='bbox 1232 1107 1310 1165; x_wconf 92' lang='lat' dir='ltr'>dicit</span> 
     </span>
     <span class='ocr_line' id='line_1_10' title="bbox 210 1207 1312 1283; baseline 0.002 -21"><span class='ocrx_word' id='word_1_74' title='bbox 210 1224 279 1264; x_wconf 90' lang='lat' dir='ltr'>esse</span> <span class='ocrx_word' id='word_1_75' title='bbox 302 1208 404 1266; x_wconf 90' lang='lat' dir='ltr'>iocum</span> <span class='ocrx_word' id='word_1_76' title='bbox 425 1207 517 1276; x_wconf 89' lang='lat' dir='ltr'>illum,</span> <span class='ocrx_word' id='word_1_77' title='bbox 542 1225 603 1283; x_wconf 90' lang='lat' dir='ltr'>quo</span> <span class='ocrx_word' id='word_1_78' title='bbox 626 1209 730 1266; x_wconf 85' lang='lat' dir='ltr'>luserit</span> <span class='ocrx_word' id='word_1_79' title='bbox 743 1209 873 1266; x_wconf 87' lang='lat' dir='ltr'>Athenis</span> <span class='ocrx_word' id='word_1_80' title='bbox 894 1208 1069 1267; x_wconf 85' lang='lat' dir='ltr'>Albucium:</span> <span class='ocrx_word' id='word_1_81' title='bbox 1095 1210 1231 1283; x_wconf 88' lang='lat' dir='ltr'>sequitur</span> <span class='ocrx_word' id='word_1_82' title='bbox 1244 1226 1312 1264; x_wconf 89' lang='lat' dir='ltr'>ma·</span> 
     </span>
     <span class='ocr_line' id='line_1_11' title="bbox 209 1307 1312 1385; baseline 0 -19"><span class='ocrx_word' id='word_1_83' title='bbox 209 1326 303 1382; x_wconf 87' lang='lat' dir='ltr'>gnum</span> <span class='ocrx_word' id='word_1_84' title='bbox 324 1308 400 1366; x_wconf 90' lang='lat' dir='ltr'>illud</span> <span class='ocrx_word' id='word_1_85' title='bbox 423 1307 626 1383; x_wconf 80' lang='lat' dir='ltr'>fragmentum</span> <span class='ocrx_word' id='word_1_86' title='bbox 658 1309 690 1366; x_wconf 90' lang='lat' dir='ltr'>in</span> <span class='ocrx_word' id='word_1_87' title='bbox 722 1310 872 1385; x_wconf 89' lang='lat' dir='ltr'>principio</span> <span class='ocrx_word' id='word_1_88' title='bbox 902 1311 991 1367; x_wconf 92' lang='lat' dir='ltr'>huius</span> <span class='ocrx_word' id='word_1_89' title='bbox 1014 1309 1231 1384; x_wconf 88' lang='lat' dir='ltr'>disputationis</span> <span class='ocrx_word' id='word_1_90' title='bbox 1253 1327 1312 1384; x_wconf 94' lang='lat' dir='ltr'>po·</span> 
     </span>
     <span class='ocr_line' id='line_1_12' title="bbox 211 1409 1105 1485; baseline 0.003 -19"><span class='ocrx_word' id='word_1_91' title='bbox 211 1409 309 1477; x_wconf 91' lang='lat' dir='ltr'>situm,</span> <span class='ocrx_word' id='word_1_92' title='bbox 333 1411 418 1484; x_wconf 91' lang='lat' dir='ltr'>quod</span> <span class='ocrx_word' id='word_1_93' title='bbox 439 1411 607 1484; x_wconf 87' lang='lat' dir='ltr'>praecessit</span> <span class='ocrx_word' id='word_1_94' title='bbox 628 1411 739 1484; x_wconf 90' lang='lat' dir='ltr'>opinor</span> <span class='ocrx_word' id='word_1_95' title='bbox 761 1428 867 1469; x_wconf 90' lang='lat' dir='ltr'>uersus</span> <span class='ocrx_word' id='word_1_96' title='bbox 890 1428 930 1483; x_wconf 87' lang='lat'>40</span> <span class='ocrx_word' id='word_1_97' title='bbox 952 1410 978 1468; x_wconf 92' lang='lat' dir='ltr'>L</span> <span class='ocrx_word' id='word_1_98' title='bbox 1001 1425 1040 1485; x_wconf 84' lang='lat'>30</span> <span class='ocrx_word' id='word_1_99' title='bbox 1060 1410 1105 1469; x_wconf 91' lang='lat' dir='ltr'>M:</span> 
     </span>
    </p>

    <p class='ocr_par' dir='ltr' id='par_1_3' title="bbox 211 1504 1312 1775">
     <span class='ocr_line' id='line_1_13' title="bbox 293 1504 1197 1589; baseline 0.002 -24"><span class='ocrx_word' id='word_1_100' title='bbox 293 1556 314 1565; x_wconf 92' lang='grc'>..</span> <span class='ocrx_word' id='word_1_101' title='bbox 328 1550 345 1568; x_wconf 61' lang='grc' dir='ltr'>ν</span> <span class='ocrx_word' id='word_1_102' title='bbox 358 1550 407 1568; x_wconf 63' lang='grc' dir='ltr'>ν-</span> <span class='ocrx_word' id='word_1_103' title='bbox 432 1511 560 1570; x_wconf 86' lang='lat' dir='ltr'>fandum</span> <span class='ocrx_word' id='word_1_104' title='bbox 582 1520 678 1587; x_wconf 90' lang='lat' dir='ltr'>atque</span> <span class='ocrx_word' id='word_1_105' title='bbox 701 1514 839 1571; x_wconf 89' lang='lat' dir='ltr'>auditam</span> <span class='ocrx_word' id='word_1_106' title='bbox 861 1504 1031 1570; x_wconf 89' lang='lat' dir='ltr'>iterabimu’</span> <span class='ocrx_word' id='word_1_107' title='bbox 1056 1505 1197 1589; x_wconf 88' lang='lat' dir='ltr'>l[amam]</span> 
     </span>
     <span class='ocr_line' id='line_1_14' title="bbox 211 1612 1312 1688; baseline 0.001 -20"><span class='ocrx_word' id='word_1_108' title='bbox 211 1612 321 1686; x_wconf 91' lang='lat' dir='ltr'>quibus</span> <span class='ocrx_word' id='word_1_109' title='bbox 355 1613 456 1670; x_wconf 91' lang='lat' dir='ltr'>uerbis</span> <span class='ocrx_word' id='word_1_110' title='bbox 493 1613 568 1670; x_wconf 92' lang='lat' dir='ltr'>dicit</span> <span class='ocrx_word' id='word_1_111' title='bbox 601 1631 669 1671; x_wconf 89' lang='lat' dir='ltr'>sese</span> <span class='ocrx_word' id='word_1_112' title='bbox 706 1631 769 1670; x_wconf 88' lang='lat' dir='ltr'>rem</span> <span class='ocrx_word' id='word_1_113' title='bbox 800 1615 860 1671; x_wconf 89' lang='lat' dir='ltr'>iam</span> <span class='ocrx_word' id='word_1_114' title='bbox 894 1612 1084 1688; x_wconf 86' lang='lat' dir='ltr'>diuulgatam</span> <span class='ocrx_word' id='word_1_115' title='bbox 1117 1612 1312 1669; x_wconf 88' lang='lat' dir='ltr'>sermonibus</span> 
     </span>
     <span class='ocr_line' id='line_1_15' title="bbox 212 1714 515 1775; baseline 0.02 -6"><span class='ocrx_word' id='word_1_116' title='bbox 212 1714 320 1770; x_wconf 87' lang='lat' dir='ltr'>iterum</span> <span class='ocrx_word' id='word_1_117' title='bbox 340 1715 515 1775; x_wconf 86' lang='lat' dir='ltr'>relaturum.</span> 
     </span>
    </p>

    <p class='ocr_par' dir='ltr' id='par_1_4' title="bbox 211 1814 1312 2091">
     <span class='ocr_line' id='line_1_16' title="bbox 294 1814 1312 1891; baseline -0.002 -19"><span class='ocrx_word' id='word_1_118' title='bbox 294 1815 341 1872; x_wconf 88' lang='lat' dir='ltr'>Ea</span> <span class='ocrx_word' id='word_1_119' title='bbox 363 1832 442 1891; x_wconf 87' lang='lat' dir='ltr'>quae</span> <span class='ocrx_word' id='word_1_120' title='bbox 465 1824 581 1873; x_wconf 90' lang='lat' dir='ltr'>restant</span> <span class='ocrx_word' id='word_1_121' title='bbox 605 1814 774 1890; x_wconf 87' lang='lat' dir='ltr'>fragmenta</span> <span class='ocrx_word' id='word_1_122' title='bbox 806 1817 915 1891; x_wconf 90' lang='lat' dir='ltr'>partim</span> <span class='ocrx_word' id='word_1_123' title='bbox 949 1825 1013 1874; x_wconf 90' lang='lat' dir='ltr'>tam</span> <span class='ocrx_word' id='word_1_124' title='bbox 1045 1815 1207 1890; x_wconf 89' lang='lat' dir='ltr'>perspicua</span> <span class='ocrx_word' id='word_1_125' title='bbox 1237 1823 1312 1871; x_wconf 91' lang='lat' dir='ltr'>sunt</span> 
     </span>
     <span class='ocr_line' id='line_1_17' title="bbox 212 1915 1312 1992; baseline 0.002 -21"><span class='ocrx_word' id='word_1_126' title='bbox 212 1923 245 1972; x_wconf 93' lang='lat' dir='ltr'>ut</span> <span class='ocrx_word' id='word_1_127' title='bbox 264 1917 344 1974; x_wconf 85' lang='lat' dir='ltr'>nulla</span> <span class='ocrx_word' id='word_1_128' title='bbox 360 1916 565 1991; x_wconf 83' lang='lat' dir='ltr'>explicatione</span> <span class='ocrx_word' id='word_1_129' title='bbox 581 1926 702 1992; x_wconf 84' lang='lat' dir='ltr'>egeant,</span> <span class='ocrx_word' id='word_1_130' title='bbox 726 1917 836 1991; x_wconf 92' lang='lat' dir='ltr'>partim</span> <span class='ocrx_word' id='word_1_131' title='bbox 858 1918 901 1974; x_wconf 90' lang='lat' dir='ltr'>ita</span> <span class='ocrx_word' id='word_1_132' title='bbox 916 1925 1068 1992; x_wconf 90' lang='lat' dir='ltr'>corrupta,</span> <span class='ocrx_word' id='word_1_133' title='bbox 1091 1926 1125 1974; x_wconf 89' lang='lat' dir='ltr'>ut</span> <span class='ocrx_word' id='word_1_134' title='bbox 1147 1915 1187 1971; x_wconf 89' lang='lat' dir='ltr'>nil</span> <span class='ocrx_word' id='word_1_135' title='bbox 1205 1915 1245 1972; x_wconf 88' lang='lat' dir='ltr'>ad</span> <span class='ocrx_word' id='word_1_136' title='bbox 1262 1933 1312 1973; x_wconf 90' lang='lat' dir='ltr'>ar-</span> 
     </span>
     <span class='ocr_line' id='line_1_18' title="bbox 211 2017 1061 2091; baseline 0.005 -17"><span class='ocrx_word' id='word_1_137' title='bbox 211 2024 390 2091; x_wconf 85' lang='lat' dir='ltr'>gumentum</span> <span class='ocrx_word' id='word_1_138' title='bbox 413 2018 507 2075; x_wconf 90' lang='lat' dir='ltr'>totius</span> <span class='ocrx_word' id='word_1_139' title='bbox 530 2017 595 2075; x_wconf 91' lang='lat' dir='ltr'>libri</span> <span class='ocrx_word' id='word_1_140' title='bbox 618 2019 788 2075; x_wconf 90' lang='lat' dir='ltr'>eruendum</span> <span class='ocrx_word' id='word_1_141' title='bbox 809 2018 883 2075; x_wconf 91' lang='lat' dir='ltr'>inde</span> <span class='ocrx_word' id='word_1_142' title='bbox 902 2019 1061 2078; x_wconf 88' lang='lat' dir='ltr'>lucremur.</span> 
     </span>
    </p>
   </div>
   <div class='ocr_carea' id='block_1_3' title="bbox 210 2264 1312 2768">
    <p class='ocr_par' dir='ltr' id='par_1_5' title="bbox 210 2264 1312 2768">
     <span class='ocr_line' id='line_1_19' title="bbox 313 2264 1312 2334; baseline 0 -18"><span class='ocrx_word' id='word_1_143' title='bbox 313 2265 333 2334; x_wconf 82' lang='lat'>¹)</span> <span class='ocrx_word' id='word_1_144' title='bbox 353 2266 455 2316; x_wconf 89' lang='lat' dir='ltr'>Nonius</span> <span class='ocrx_word' id='word_1_145' title='bbox 474 2282 499 2331; x_wconf 89' lang='lat' dir='ltr'>p.</span> <span class='ocrx_word' id='word_1_146' title='bbox 521 2265 587 2329; x_wconf 86' lang='lat'>267:</span> <span class='ocrx_word' id='word_1_147' title='bbox 608 2264 739 2324; x_wconf 86' lang='lat' dir='ltr'>‘Coicere,</span> <span class='ocrx_word' id='word_1_148' title='bbox 759 2280 846 2328; x_wconf 85' lang='lat' dir='ltr'>agere.</span> <span class='ocrx_word' id='word_1_149' title='bbox 865 2265 993 2315; x_wconf 82' lang='lat' dir='ltr'>Afranius</span> <span class='ocrx_word' id='word_1_150' title='bbox 1013 2267 1175 2317; x_wconf 86' lang='lat' dir='ltr'>Materten&#39;s:</span> <span class='ocrx_word' id='word_1_151' title='bbox 1204 2282 1312 2316; x_wconf 85' lang='lat' dir='ltr'>causam</span> 
     </span>
     <span class='ocr_line' id='line_1_20' title="bbox 210 2351 1312 2419; baseline -0.004 -12"><span class='ocrx_word' id='word_1_152' title='bbox 210 2355 313 2406; x_wconf 89' lang='lat' dir='ltr'>coicere</span> <span class='ocrx_word' id='word_1_153' title='bbox 332 2353 411 2404; x_wconf 89' lang='lat' dir='ltr'>hodie</span> <span class='ocrx_word' id='word_1_154' title='bbox 432 2355 466 2403; x_wconf 91' lang='lat' dir='ltr'>ad</span> <span class='ocrx_word' id='word_1_155' title='bbox 485 2361 511 2403; x_wconf 85' lang='lat' dir='ltr'>te</span> <span class='ocrx_word' id='word_1_156' title='bbox 523 2353 594 2405; x_wconf 88' lang='lat' dir='ltr'>uolo.</span> <span class='ocrx_word' id='word_1_157' title='bbox 613 2353 733 2403; x_wconf 90' lang='lat' dir='ltr'>Ambon&#39;</span> <span class='ocrx_word' id='word_1_158' title='bbox 749 2351 868 2404; x_wconf 81' lang='lat' dir='ltr'>adestis?</span> <span class='ocrx_word' id='word_1_159' title='bbox 888 2355 1038 2419; x_wconf 83' lang='lat' dir='ltr'>profuturos</span> <span class='ocrx_word' id='word_1_160' title='bbox 1053 2355 1171 2406; x_wconf 84' lang='lat' dir='ltr'>arbitror.</span> <span class='ocrx_word' id='word_1_161' title='bbox 1192 2355 1312 2414; x_wconf 88' lang='lat' dir='ltr'>Coicere,</span> 
     </span>
     <span class='ocr_line' id='line_1_21' title="bbox 211 2442 1312 2508; baseline -0.002 -14"><span class='ocrx_word' id='word_1_162' title='bbox 211 2444 299 2504; x_wconf 83' lang='lat' dir='ltr'>iurari,</span> <span class='ocrx_word' id='word_1_163' title='bbox 320 2444 431 2494; x_wconf 84' lang='lat' dir='ltr'>auferre.</span> <span class='ocrx_word' id='word_1_164' title='bbox 467 2442 595 2491; x_wconf 86' lang='lat' dir='ltr'>Afranius</span> <span class='ocrx_word' id='word_1_165' title='bbox 613 2442 759 2493; x_wconf 89' lang='lat' dir='ltr'>Incendio.</span> <span class='ocrx_word' id='word_1_166' title='bbox 775 2479 798 2493; x_wconf 85' lang='lat'>..</span> <span class='ocrx_word' id='word_1_167' title='bbox 818 2442 935 2491; x_wconf 86' lang='lat' dir='ltr'>Lucilius</span> <span class='ocrx_word' id='word_1_168' title='bbox 954 2443 1002 2493; x_wconf 93' lang='lat' dir='ltr'>lib.</span> <span class='ocrx_word' id='word_1_169' title='bbox 1020 2445 1048 2492; x_wconf 91' lang='lat'>11</span> <span class='ocrx_word' id='word_1_170' title='bbox 1067 2445 1127 2508; x_wconf 88' lang='lat' dir='ltr'>quid</span> <span class='ocrx_word' id='word_1_171' title='bbox 1149 2442 1235 2494; x_wconf 83' lang='lat' dir='ltr'>dicis?</span> <span class='ocrx_word' id='word_1_172' title='bbox 1265 2459 1312 2492; x_wconf 89' lang='lat' dir='ltr'>cur</span> 
     </span>
     <span class='ocr_line' id='line_1_22' title="bbox 211 2528 1310 2598; baseline -0.002 -16"><span class='ocrx_word' id='word_1_173' title='bbox 211 2539 250 2582; x_wconf 78' lang='lat' dir='ltr'>ott</span> <span class='ocrx_word' id='word_1_174' title='bbox 269 2531 364 2582; x_wconf 81' lang='lat' dir='ltr'>lectum</span> <span class='ocrx_word' id='word_1_175' title='bbox 382 2530 453 2598; x_wconf 91' lang='lat' dir='ltr'>quod</span> <span class='ocrx_word' id='word_1_176' title='bbox 473 2529 551 2579; x_wconf 89' lang='lat' dir='ltr'>coicis</span> <span class='ocrx_word' id='word_1_177' title='bbox 569 2528 658 2581; x_wconf 80' lang='lat' dir='ltr'>istuc?</span> <span class='ocrx_word' id='word_1_178' title='bbox 678 2555 711 2566; x_wconf 86' lang='lat'>-</span> <span class='ocrx_word' id='word_1_179' title='bbox 731 2529 835 2578; x_wconf 89' lang='lat' dir='ltr'>Nonius</span> <span class='ocrx_word' id='word_1_180' title='bbox 864 2529 931 2578; x_wconf 83' lang='lat' dir='ltr'>falso</span> <span class='ocrx_word' id='word_1_181' title='bbox 960 2531 1018 2580; x_wconf 90' lang='lat' dir='ltr'>loeo</span> <span class='ocrx_word' id='word_1_182' title='bbox 1041 2532 1134 2580; x_wconf 91' lang='lat' dir='ltr'>Lucilii</span> <span class='ocrx_word' id='word_1_183' title='bbox 1163 2530 1310 2596; x_wconf 85' lang='lat' dir='ltr'>exemplum</span> 
     </span>
     <span class='ocr_line' id='line_1_23' title="bbox 211 2616 1311 2690; baseline -0.003 -20"><span class='ocrx_word' id='word_1_184' title='bbox 211 2619 307 2690; x_wconf 67' lang='lat' dir='ltr'>polilt:</span> <span class='ocrx_word' id='word_1_185' title='bbox 337 2617 452 2668; x_wconf 86' lang='lat' dir='ltr'>debebat</span> <span class='ocrx_word' id='word_1_186' title='bbox 470 2632 512 2666; x_wconf 91' lang='lat' dir='ltr'>me</span> <span class='ocrx_word' id='word_1_187' title='bbox 530 2616 616 2666; x_wconf 90' lang='lat' dir='ltr'>iudice</span> <span class='ocrx_word' id='word_1_188' title='bbox 635 2632 733 2681; x_wconf 86' lang='lat' dir='ltr'>ponere</span> <span class='ocrx_word' id='word_1_189' title='bbox 754 2623 814 2665; x_wconf 86' lang='lat' dir='ltr'>ante</span> <span class='ocrx_word' id='word_1_190' title='bbox 833 2616 929 2665; x_wconf 91' lang='lat' dir='ltr'>lemma</span> <span class='ocrx_word' id='word_1_191' title='bbox 948 2616 1063 2676; x_wconf 83' lang='lat' dir='ltr'>Coicere,</span> <span class='ocrx_word' id='word_1_192' title='bbox 1076 2619 1183 2686; x_wconf 85' lang='lat' dir='ltr'>furari</span> <span class='ocrx_word' id='word_1_193' title='bbox 1206 2626 1235 2668; x_wconf 88' lang='lat' dir='ltr'>ut</span> <span class='ocrx_word' id='word_1_194' title='bbox 1252 2634 1311 2684; x_wconf 83' lang='lat' dir='ltr'>per·</span> 
     </span>
     <span class='ocr_line' id='line_1_24' title="bbox 211 2704 717 2768; baseline -0.02 -6"><span class='ocrx_word' id='word_1_195' title='bbox 211 2707 306 2764; x_wconf 67' lang='lat' dir='ltr'>linerat</span> <span class='ocrx_word' id='word_1_196' title='bbox 326 2706 359 2757; x_wconf 81' lang='lat' dir='ltr'>ad</span> <span class='ocrx_word' id='word_1_197' title='bbox 377 2708 472 2756; x_wconf 86' lang='lat' dir='ltr'>lemma</span> <span class='ocrx_word' id='word_1_198' title='bbox 492 2704 605 2764; x_wconf 85' lang='lat' dir='ltr'>Coicere,</span> <span class='ocrx_word' id='word_1_199' title='bbox 625 2720 717 2768; x_wconf 74' lang='lat' dir='ltr'>agere.</span> 
     </span>
    </p>
   </div>
   <div class='ocr_carea' id='block_1_4' title="bbox 0 0 1498 4752">
    <p class='ocr_par' dir='ltr' id='par_1_6' title="bbox 0 0 1498 4752">
     <span class='ocr_line' id='line_1_25' title="bbox 0 0 1498 4752; baseline 0 0"><span class='ocrx_word' id='word_1_200' title='bbox 0 0 1498 4752; x_wconf 95' lang='lat' dir='ltr'> </span> 
     </span>
    </p>
   </div>
  </div>
 </body>
</html>
