2998 4744
700 242 737 298 41

181 429 261 486 prou.
284 411 328 468 VI
350 410 401 483 46,
429 412 514 487 quod
537 413 637 486 Ipsum
663 411 850 468 mortiferum
884 411 994 468 uulnus
1023 409 1193 484 significare
1219 429 1271 468 ex-

180 513 263 588 ponit
285 512 413 587 scriptor
445 529 545 586 neque
575 529 654 587 quae
679 511 818 571 Eustath.
842 530 872 588 p.
893 526 943 584 45,
965 527 1005 584 42
1039 506 1104 572 ὅσα
1126 509 1270 585 δυσαλθῆ

179 609 256 676 ὄντα
273 610 369 674 δέοιτ’
393 609 433 674 ἂν
449 609 560 688 ἰατροῦ
582 614 640 674 τοῦ
656 609 815 690 Χείρωνος
837 614 973 689 appellat
993 615 1120 672 uulnera
1134 614 1176 670 ad
1190 613 1272 672 hunc

178 733 206 776 u.
222 715 390 790 pertinent:
414 716 526 773 etenim
546 717 646 773 uerbis
667 721 693 772 et
712 735 770 772 non
792 713 943 792 mortifero
964 715 1042 772 haec
1064 716 1167 774 omnia
1183 715 1273 772 refel-

177 815 321 893 luntur1).
376 816 474 874 Recte
508 817 532 874 si
560 816 668 875 Dousa
698 817 876 873 emendauit
914 814 1055 874 Che'roneo
1089 817 1273 874 uocabulum

178 916 327 991 significet
349 934 476 975 necesse
499 925 546 975 est
567 918 722 976 medicante
744 918 793 975 uel
814 916 957 975 liberante
979 936 997 974 a
1021 915 1151 993 morbo²l
1173 935 1271 994 oppo-

178 1019 268 1076 situm
283 1019 385 1076 uerbis
399 1025 426 1076 et
438 1038 495 1076 non
510 1016 674 1095 retortefero:
697 1028 816 1078 traxere
830 1019 1035 1078 medicamina
1046 1019 1142 1078 multa
1159 1036 1274 1077 nomen

177 1118 360 1189 achirone,
391 1120 475 1178 uelut
503 1120 610 1196 planta
641 1120 799 1178 salutifera
824 1137 959 1196 panaces
987 1121 1070 1178 dicta
1091 1121 1158 1178 alia.
1183 1114 1273 1198 (Plio.

174 1219 263 1278 XXV
289 1217 352 1298 32).
401 1221 509 1296 Agitur
531 1221 613 1278 enim
637 1221 697 1278 hoc
719 1239 748 1280 u.
777 1223 818 1278 de
839 1221 950 1279 Iasone
974 1220 1122 1290 Pheraeo,
1151 1222 1199 1278 cui
1221 1221 1273 1279 ali-

177 1322 244 1398 quis
277 1321 466 1380 mortiferum
500 1323 609 1380 uulnus
640 1321 749 1380 inferre
787 1324 954 1381 meditatus
988 1323 1140 1382 uomicam
1171 1323 1274 1397 gladio

177 1431 354 1498 perruptam
386 1423 540 1481 curauisse
570 1424 693 1481 dicitur:
748 1424 829 1484 conl.
864 1424 942 1484 Plut.
975 1426 1015 1483 de
1047 1424 1157 1482 inimic.
1187 1424 1275 1484 utilit.

176 1542 245 1599 cap.
269 1522 287 1580 6
309 1518 437 1599 Ὥσπερ
461 1521 522 1600 γὰρ
543 1521 562 1585 δ
587 1522 644 1585 τὸν
667 1521 840 1586 Θεσσαλὸν
861 1521 1039 1601 Προμηθέα
1067 1525 1187 1587 κτεῖναι
1209 1525 1275 1585 δια-

176 1621 304 1698 νοηθεὶς
326 1620 439 1686 ἔπαισε
464 1627 509 1705 τῷ
541 1621 624 1701 ξίφει
657 1622 695 1685 τὸ
718 1625 808 1701 φῦμα
830 1622 882 1685 καὶ
904 1622 1019 1687 διεῖλεν
1052 1620 1156 1700 οὕτως
1188 1620 1274 1686 ὥστε

175 1727 320 1800 σωθῆναι
348 1723 406 1788 τὸν
436 1721 606 1802 ἄνθρωπον
636 1723 688 1786 καὶ
719 1721 942 1800 ἀπαλλαγῆναι
965 1726 1024 1787 τοῦ
1047 1721 1195 1801 φύματος
1218 1722 1273 1801 ῥα-

175 1823 290 1902 γέντος
312 1826 377 1888 κτλ.
401 1827 476 1886 Ρίίπ.
499 1827 556 1884 VlI
583 1827 639 1885 166
662 1822 832 1886 ‘Pheraeos
854 1828 946 1886 Iason
971 1827 1148 1903 deploratus
1171 1847 1190 1886 a
1211 1845 1275 1886 me·

178 1929 255 1986 dicis
278 1930 405 1986 uomicae
425 1929 520 1986 morbo
543 1947 610 1986 cum
631 1937 762 1988 mortem
784 1930 815 1986 in
836 1929 904 1986 acie
927 1937 1088 2004 quaereret
1110 1929 1272 1987 uulnerato

177 2039 303 2106 pectore
326 2031 510 2088 medicinam
533 2033 647 2088 z‘reuenit
666 2049 705 2087 ex
727 2025 839 2090 hoste’.
885 2031 934 2088 Ad
959 2032 1092 2090 eandem
1120 2049 1183 2088 rem
1206 2048 1275 2105 per·

177 2131 274 2190 tinere
298 2140 375 2206 puto
403 2132 469 2190 libri
491 2132 629 2188 eiusdem
650 2149 680 2190 u.
705 2146 760 2206 741
788 2132 813 2188 L
835 2130 875 2205 98
897 2131 945 2190 M:
983 2128 1157 2207 [Tyrannus
1179 2131 1275 2189 multa

179 2241 308 2290 conatus
331 2227 472 2310 tandem]

239 2351 298 2410 hoc
308 2351 462 2409 inuenisse
478 2347 535 2429 (sic
548 2352 587 2408 L:
609 2351 701 2410 codd.
715 2348 896 2425 inuenisset)
917 2369 1012 2409 unum
1026 2353 1067 2411 ad
1079 2350 1218 2410 morbum
1234 2351 1274 2408 illi

527 2451 640 2508 homini
662 2451 712 2508 uel
735 2451 933 2509 bellissimum

178 2579 361 2653 perhibetur.
407 2576 469 2637 Cic.
487 2580 528 2636 de
547 2587 608 2636 nat.
625 2580 711 2637 deor.
724 2579 769 2636 III
786 2593 839 2655 70:
861 2574 941 2637 ‘Nec
963 2625 969 2638 .
994 2623 1000 2636 .
1023 2577 1119 2637 uoluit
1143 2621 1150 2634 .
1174 2623 1180 2635 .
1205 2594 1274 2652 pro-

177 2680 268 2736 desse
291 2679 429 2737 Pheraeo
451 2680 553 2736 Iasoui
582 2680 618 2746 is,
648 2681 699 2756 qui
725 2681 829 2754 gladio
864 2681 1017 2738 uomicam
1045 2680 1112 2736 eius
1144 2680 1274 2755 aperuit,

178 2796 270 2854 quam
291 2797 399 2837 sanare
428 2781 538 2837 medici
565 2798 627 2838 non
649 2776 835 2855 potuerant’.
870 2781 928 2839 Ual
960 2781 1042 2840 Max.
1066 2779 1120 2836 18
1155 2789 1215 2840 ext.
1240 2780 1273 2837 6:

177 2874 321 2937 ‘Diuinae
344 2881 484 2938 fortunae
509 2880 619 2938 uulnus
645 2881 781 2940 Pheraeo
805 2882 909 2940 Iasoni
942 2883 1068 2957 quidam
1101 2881 1185 2938 exitii
1207 2881 1272 2939 eius

176 2980 306 3054 cupidus
329 2981 439 3041 intulit.
485 2981 565 3038 Nam
587 2999 656 3039 cum
677 2983 756 3038 inter
777 2983 903 3040 insidias
930 2983 1035 3057 gladio
1059 2999 1130 3038 eum
1152 3000 1274 3058 percus·

183 3173 377 3180 ——.-

178 3291 256 3338 ulcus
275 3297 315 3339 est
334 3289 431 3354 ubique
451 3290 521 3355 apud
542 3291 697 3356 scriptores:
718 3290 787 3342 Poll.
806 3292 847 3340 IV
868 3292 917 3352 196
938 3289 1092 3357 Χειρώνιον
1113 3290 1193 3353 ἕλκος
1211 3290 1274 3356 χρό-

176 3393 245 3443 νιον,
264 3378 454 3444 δυσοιίλωτον,
473 3377 550 3444 χείλη
569 3379 684 3447 σκληρά,
701 3381 831 3446 τυλώδης
850 3379 925 3446 σάρξ,
945 3378 1141 3446 ὑποπέλιδνος,
1160 3379 1191 3432 ἐν
1209 3378 1275 3444 κνή·

178 3481 240 3530 μαις
258 3468 303 3519 καί
326 3465 417 3519 ποσίν.
454 3468 553 3518 Zenob.
574 3469 614 3518 VI
632 3469 674 3531 46.
701 3469 772 3519 Suid.
794 3485 814 3522 s.
833 3485 859 3519 u.
881 3467 964 3536 Apul.
991 3467 1024 3516 de
1044 3466 1119 3518 herb.
1140 3479 1183 3531 23.
1203 3466 1275 3518 Cels.

176 3556 194 3607 l.
214 3556 232 3605 l.
252 3555 373 3608 Eustath.
393 3572 418 3622 p.
437 3557 499 3619 463,
518 3569 561 3622 34.

284 3642 302 3711 ¹)
320 3645 420 3696 Zenob.
439 3645 458 3694 l.
480 3645 499 3695 l.
518 3644 552 3697 τὸ
572 3645 627 3698 ἀπὸ
647 3648 753 3711 πολλῆς
773 3646 900 3707 στάσεως
920 3643 1029 3707 ἐντοῖς
1047 3644 1275 3708 ποσίγινδμενον

175 3736 287 3799 τραῦμα
307 3734 352 3785 καί
370 3733 506 3799 διηνεκῶς
525 3733 627 3802 ἰχῶρας
641 3735 775 3800 ἐκκρῑνον.
812 3733 957 3796 Τοξευθείς
975 3732 1028 3798 γὰρ
1042 3732 1098 3786 ὑπὸ
1109 3732 1275 3799 Ἡρακλέους

176 3821 192 3872 δ
212 3818 318 3887 Χείρων
338 3821 430 3887 μάχην
447 3821 518 3886 πρὸς
539 3821 713 3888 Κενταύρους
732 3820 941 3886 ἐνστηοαμὲνου
960 3819 1077 3873 ἀνίατον
1096 3821 1176 3884 ἔσχεν
1195 3821 1275 3883 ἕλκος

176 3908 240 3975 περί
258 3907 309 3961 τὸν
327 3910 401 3963 πόδα
419 3911 453 3963 δι’
472 3910 506 3963 οῦ
527 3912 571 3963 καί
592 3911 722 3964 ἀπέθανε.
758 3909 844 3962 Ὅθεν
866 3910 883 3974 ἡ
904 3907 1038 3975 παροιμία
1057 3908 1179 3962 ἐπὶτῶν
1199 3907 1274 3961 ἀνιά-

176 4011 236 4048 των
254 3996 383 4065 προήχθη
403 3999 580 4066 τραυμάτων.
618 4001 712 4052 Galen.
731 4001 803 4048 XIII
820 4015 845 4065 p.
866 3999 927 4068 ⁶76·

277 4084 298 4150 ²)
316 4086 401 4137 Uelut
427 4087 510 4138 Clem.
529 4088 608 4140 Alex.
626 4089 737 4154 paedag.
757 4087 814 4147 18,
835 4099 868 4152 74
897 4085 959 4135 dicit
980 4089 1089 4151 τρῶσαι
1110 4085 1144 4138 οὐ
1164 4083 1275 4138 θανασί-

177 4187 237 4236 μως
259 4171 328 4226 ἀλλὰ
349 4173 506 4242 σωτηρίως.
