2980 4752
762 225 801 288 66

234 416 388 492 quemad
416 415 508 472 libros
532 414 607 472 XXI
638 415 753 489 priores
782 415 896 472 maiore
927 414 991 470 iure
1018 413 1141 482 referes,
1174 431 1266 490 quam
1289 413 1332 469 ad

233 519 365 592 reliquos
396 533 464 574 raro
497 535 515 574 a
544 517 740 592 scriptoribus
771 516 941 573 adhibitos:
974 516 1052 572 inter
1086 516 1200 590 priores
1238 515 1331 593 libros

233 619 296 676 ueri
318 619 466 676 simillime
498 619 538 674 ad
560 618 697 692 primum.
742 617 864 675 Etenim
892 618 922 673 in
945 616 1067 691 reliquls
1089 616 1170 673 libris
1193 616 1335 691 eorporisv

232 721 338 794 prioris
369 737 441 776 num
461 718 583 795 Lupum
604 727 757 776 mortuum
788 719 952 776 insectatus
978 718 1017 774 sit
1045 725 1149 793 poeta,
1180 717 1329 774 incertum

232 829 294 882 est:
317 830 409 897 atque
431 821 514 896 quod
535 820 581 878 his
604 821 677 896 ipsis
693 821 792 878 uerbis
815 821 856 876 de
872 819 960 895 Lupo
976 820 1148 876 intereunte
1161 819 1328 876 salsamen-

233 923 270 980 tis
293 923 449 980 deuoratis
479 923 588 996 agitur,
621 923 696 980 mite
724 921 864 994 congruit
894 938 964 977 cum
998 920 1074 976 libro
1095 920 1191 994 primo
1217 919 1267 975 ubi
1290 921 1331 974 de

232 1024 297 1082 eius
317 1023 440 1080 interitu
462 1023 635 1082 deliberant
654 1024 685 1079 di
708 1030 740 1079 et
755 1023 794 1078 de
810 1021 1003 1096 apponendis
1026 1020 1218 1077 salsamentis
1234 1021 1330 1076 uerba

232 1122 316 1185 fiunt.
360 1123 468 1200 Neque
491 1125 571 1182 enlm
596 1124 729 1182 occidunt
745 1129 770 1180 le
791 1131 896 1198 potest
918 1139 987 1180 esse
1009 1127 1087 1180 luam
1116 1139 1176 1177 rem
1189 1120 1330 1200 familia-

233 1243 292 1281 rem
309 1213 448 1300 perdunt,
471 1227 544 1301 quia
567 1234 598 1282 et
621 1227 754 1300 saperda
781 1234 813 1282 et
843 1225 950 1282 silurus
972 1225 1132 1282 uilissimus
1155 1226 1246 1300 piscis
1270 1232 1331 1291 est,

232 1331 335 1402 neque
357 1333 382 1384 le
405 1333 523 1384 enecant
543 1328 666 1384 molesti:
691 1327 811 1401 Lupum
834 1328 916 1383 enim
938 1327 1060 1384 laudare
1083 1334 1164 1384 certe
1179 1343 1241 1382 non
1256 1326 1329 1384 uult.

233 1427 305 1484 Sine
328 1428 420 1485 dublo
443 1429 511 1486 lusit
533 1445 603 1484 eum
626 1435 720 1502 poeta
743 1435 775 1484 ut
791 1421 977 1502 ὀψοφάγον,
999 1427 1053 1502 qui
1074 1427 1219 1484 moriatur
1240 1427 1330 1501 pisci-

232 1529 287 1584 bus
311 1529 441 1585 comesis
464 1528 564 1586 multis
588 1529 665 1585 sicut
688 1529 771 1603 apud
795 1528 907 1586 Athen.
930 1527 1001 1584 VIII
1022 1547 1051 1603 p.
1070 1542 1127 1600 341
1154 1527 1330 1585 BMachon

233 1630 365 1687 comicus
389 1628 590 1686 Philoxenum
612 1629 730 1686 inducit
752 1629 932 1686 morientem
960 1628 1073 1704 polypo
1095 1629 1213 1702 ingenti
1235 1630 1331 1685 deuo·

232 1738 308 1798 ram,
331 1731 405 1787 alius
429 1723 630 1805 ἰχθυοφάγος
664 1731 782 1804 piscem
806 1730 972 1786 comedens
996 1730 1170 1786 decessisse
1203 1730 1332 1786 traditur

231 1829 345 1887 ibidem
378 1849 409 1906 p.
434 1845 493 1904 345
518 1823 585 1908 0¹).
632 1829 778 1904 Saperda,
816 1829 988 1904 κορακῖνος
1027 1847 1065 1885 ex
1097 1830 1197 1887 Ponto
1232 1828 1330 1904 (Pers.

232 1929 261 1985 V
286 1930 366 2005 134),
389 1925 500 2005 ‘genus
512 1930 636 2005 pessimi
649 1925 758 2005 piscis'
781 1924 920 2008 (Festus)
943 1930 1148 1986 contemnitur
1162 1930 1201 1986 ab
1216 1931 1332 1988 Arche·

232 2039 327 2089 strato
359 2033 441 2105 apud
464 2031 575 2089 Athen.
598 2030 640 2086 III
662 2049 691 2105 p.
718 2045 774 2104 117
799 2031 825 2087 A
859 2048 960 2106 neque
994 2031 1096 2106 magni
1127 2031 1159 2088 fit
1191 2032 1229 2088 ab
1254 2035 1327 2089 Am·

231 2132 325 2206 phide
357 2134 373 2190 l.
405 2131 422 2190 l.
445 2130 503 2187 VII
533 2149 562 2205 p.
588 2145 648 2205 309
675 2133 701 2188 A
735 2129 829 2203 (conf.
863 2149 892 2206 p.
918 2131 978 2206 308
1008 2130 1052 2207 F).
1098 2131 1208 2190 Silums
1237 2142 1327 2208 puter

232 2227 309 2308 (lun.
332 2231 405 2288 XIV
435 2229 512 2308 132),
536 2228 663 2307 σαπρός
688 2227 795 2306 (Diod.
820 2250 897 2292 com.
921 2252 969 2309 ap.
993 2233 1165 2293 Athenvl
1187 2251 1216 2308 p.
1231 2235 1328 2308 239E

232 2331 337 2407 Sopat.
361 2333 379 2391 l.
402 2333 420 2391 l.
444 2351 473 2408 p.
500 2348 560 2406 230
582 2330 620 2408 E)
643 2335 735 2409 piscis
758 2335 835 2402 uilis,
861 2335 900 2391 de
923 2353 983 2410 quo
1007 2335 1088 2396 conf.
1112 2334 1187 2393 PIIn.
1212 2335 1330 2392 XXXII

232 2451 288 2508 94:
323 2428 450 2492 ‘Aluum
473 2435 588 2492 emollit
608 2436 722 2492 silurus
744 2456 757 2491 e
779 2437 843 2492 iure
875 2445 906 2494 et
940 2438 1071 2512 torpedo
1102 2438 1133 2493 in
1167 2437 1246 2496 cibo.
1289 2437 1329 2494 Et

231 2535 319 2592 holus
342 2536 491 2592 marinum
514 2535 609 2592 simile
632 2537 742 2601 satiuo,
776 2537 936 2594 stomacho
968 2538 1131 2610 inimicum,
1161 2538 1261 2594 aluum
1284 2537 1329 2594 fa·

231 2638 336 2694 cillime
364 2647 481 2712 purgat,
516 2638 572 2694 sed
606 2647 731 2712 propter
766 2638 963 2694 acrimoniam
997 2655 1063 2694 cum
1096 2639 1201 2713 pingui
1235 2655 1328 2695 carne

232 2738 379 2814 coquitur,
400 2745 432 2794 et
455 2737 590 2794 omnium
615 2737 743 2812 piscium
772 2732 839 2794 ius‘.
885 2737 951 2794 Dici
984 2747 1059 2813 puto
1094 2738 1174 2796 hunc
1209 2757 1331 2796 uersum

231 2842 332 2897 adeo
356 2839 468 2915 aliquo,
497 2839 548 2915 qui
576 2839 698 2913 Lupum
731 2839 837 2895 uideat
867 2840 1000 2897 animam
1031 2840 1191 2898 efflantem
1215 2850 1330 2897 mortes

231 2941 340 2998 multas
364 2957 557 3008 enumerans,
586 2957 663 3015 quas
692 2940 836 2998 mortales
867 2951 1015 3017 oppetant
1043 2943 1112 2999 ioco
1135 2941 1265 2998 fortasse
1289 2943 1330 2998 si-

230 3042 293 3098 mili
314 3041 452 3100 adhibito
474 3040 636 3098 Horatiani
658 3049 714 3100 sat.
737 3041 750 3097 I
773 3059 801 3114 9,
826 3059 880 3114 31:

335 3276 351 3336 Ι)
371 3273 445 3322 Cous.
458 3275 522 3322 Luc.
541 3273 640 3337 dialog.
654 3281 729 3324 mort.
742 3287 766 3339 7.
786 3275 877 3326 Sotad.
891 3275 909 3324 I.
921 3275 940 3324 l.
953 3275 1209 3330 intremuissem
1227 3277 1331 3343 φαγὼν

230 3362 246 3414 ὁ
266 3361 404 3426 Διογένης
423 3360 501 3425 ώμὸν
519 3361 663 3426 τέθνηκεν.
695 3362 756 3411 Ual.
776 3365 846 3412 Max.
867 3364 907 3411 ΙΙΙ
929 3375 978 3428 5,3
998 3363 1118 3415 ‘Clodius
1137 3365 1251 3416 Pulcher
1270 3404 1275 3416 .
1296 3403 1302 3414 .
1323 3404 1329 3415 .

230 3451 321 3500 mortis
350 3450 531 3499 erubescendo
561 3465 658 3512 genere
686 3459 852 3516 consumptus
884 3459 930 3500 est.
972 3453 1124 3503 Abdomine
1154 3456 1225 3504 enim
1253 3457 1330 3506 auide
1389 3467 1392 3474 ’

231 3539 395 3588 deuorato..
410 3538 548 3603 ,spiritum
567 3537 691 3587 reddidit.
711 3567 743 3574 —
765 3540 837 3602 Lege
850 3540 951 3589 Licinia
971 3541 1003 3590 de
1023 3543 1100 3591 modo
1114 3543 1330 3594 salsamentorum

234 3633 357 3676 statutum
385 3632 449 3684 erat,
479 3641 512 3674 ne
541 3625 650 3691 amplius
680 3626 785 3675 daretur
813 3636 986 3693 apponeretur
1004 3629 1223 3682 salsamentomm
1242 3635 1331 3698 pondo

229 3716 297 3765 libra
324 3714 452 3778 (Macrob.
473 3715 515 3763 111
537 3727 576 3778 17,
596 3717 634 3776 pl:
661 3715 770 3764 multum
796 3717 865 3765 enim
894 3725 947 3766 tum
977 3717 1124 3785 ὀψοφαγία
1153 3723 1329 3783 grassabatur.

231 3804 352 3853 Ceterum
370 3802 404 3851 de
424 3802 528 3851 interitu
547 3801 608 3852 talis
620 3802 773 3869 ὀψοφάγου
787 3805 890 3869 scrIpsit
910 3807 1043 3870 parodiam
1062 3809 1204 3874 Hipponax
1218 3810 1266 3872 srg.
1282 3811 1328 3873 85:

367 3889 469 3943 Μοῦσά
488 3906 534 3955 μοι
555 3890 819 3957 Εὐρυμεδοντιάδεα,
839 3892 892 3956 τὴν
910 3895 1132 3962 ποντοχάρυβδιν

367 3979 422 4044 τὴν
439 3979 717 4048 ἑγγαστριμάχαιραν,
737 3980 769 4044 ὃς
783 3979 869 4034 ἐσθίει
889 3982 923 4034 οὐ
940 3983 1011 4036 κατὰ
1030 3984 1144 4051 κόσμον,

369 4066 472 4135 ἔννεφ’,
492 4067 571 4132 ὅπως
588 4070 692 4134 ψηφῖδι
712 4069 798 4133 κακὸς
816 4070 905 4124 κακὸν
923 4073 1003 4126 οἶτον
1024 4074 1130 4139 ὄληται,

369 4158 456 4225 βουλῇ
476 4156 596 4225 δημοσίῃ
617 4157 693 4224 παρὰ
712 4158 766 4211 θῖν’
782 4158 849 4222 ἁλὸς
868 4159 1041 4226 ἀτρυγέτοιο.
