2998 4744
344 1227 369 1300 Ι.
398 1227 602 1302 CRITICA
627 1229 694 1302 ET
723 1229 1158 1330 HERMENEVTICA.¹

294 1466 387 1526 Libro
409 1468 466 1526 Vll
488 1487 517 1530 u.
541 1485 598 1544 242
623 1469 648 1526 L
675 1485 711 1542 14
733 1469 766 1527 M
788 1487 868 1546 quae
894 1470 1035 1545 leguntur

278 1571 302 1628 si
324 1578 430 1628 mouet
451 1589 487 1628 ac
510 1571 600 1628 simat
620 1589 710 1628 nares
733 1571 895 1646 delphinus
916 1579 949 1628 ut
971 1571 1044 1628 olim

197 1669 382 1728 subobscura
389 1672 490 1746 paullo
502 1673 673 1730 accuratius
683 1680 827 1730 excutere
836 1680 867 1729 et
879 1671 1070 1747 interpretari
1078 1679 1208 1728 conatus
1218 1687 1295 1730 sum.

196 1769 361 1845 Delphinus
382 1778 415 1828 ut
434 1772 499 1828 olim
522 1774 606 1849 quod
622 1774 765 1848 apposuit
780 1773 923 1842 Lucilius,
946 1790 1010 1829 non
1027 1779 1132 1848 potest
1152 1771 1293 1845 profecto

193 1873 346 1947 pertinere
369 1873 410 1930 ad
433 1872 528 1931 uerba
545 1875 776 1948 praecedentia,
799 1875 944 1950 quoniam
966 1874 1050 1931 istud
1071 1873 1182 1931 animal
1203 1889 1294 1929 nares

194 1973 318 2029 omnino
344 1991 408 2030 non
435 1973 541 2043 habet,
579 1992 659 2049 quae
691 1976 808 2032 moueri
838 1975 974 2050 possint;
1007 1974 1101 2050 spirat
1128 1975 1208 2032 enim
1240 1991 1296 2049 per

193 2073 325 2130 fistulam
347 2092 425 2149 quae
454 2094 473 2132 a
496 2077 589 2133 dorso
618 2077 659 2133 ad
689 2077 865 2151 pulmonem
886 2077 1017 2152 pertinet
1044 2073 1134 2150 (Plin.
1157 2075 1202 2132 lX
1229 2067 1293 2152 19):

194 2175 448 2250 quandoquidem
468 2176 558 2250 igitur
580 2178 622 2233 ad
648 2177 742 2234 uerba
765 2177 985 2252 praecedentia
1003 2195 1066 2234 non
1087 2177 1230 2252 pertinet,
1253 2177 1295 2232 ad

193 2274 267 2331 illud
289 2275 439 2349 delplnzus
468 2283 502 2333 ut
527 2278 595 2333 olim
622 2277 705 2334 aliud
733 2279 818 2353 quod
845 2278 890 2335 his
919 2286 950 2334 et
978 2277 1032 2335 illis
1061 2277 1162 2334 uerbis
1190 2285 1295 2352 aptum

194 2376 235 2432 sit
256 2377 460 2451 supplendum
483 2387 538 2452 est,
559 2386 650 2454 puto:
683 2379 820 2454 spiritum
842 2379 936 2437 ducit.
980 2379 1089 2452 Agitur
1110 2379 1150 2434 de
1171 2377 1294 2434 homine

193 2494 297 2535 amore
324 2479 455 2554 perdito,
486 2480 538 2555 qui
565 2475 733 2554 ἀσθμαίνει
766 2481 797 2536 iu
825 2497 857 2538 re
886 2496 1021 2537 uenerea
1048 2475 1187 2553 (Lucian.
1222 2477 1293 2536 dial.

192 2586 311 2639 meretr.
341 2578 370 2634 V
390 2573 434 2658 4),
468 2581 520 2655 qui
549 2581 677 2638 multum
705 2582 837 2656 suspirat
871 2589 902 2638 et
931 2581 1033 2637 anima
1066 2579 1172 2637 crebra
1203 2595 1294 2636 nares

191 2689 297 2736 mouet
319 2689 351 2738 et
373 2682 492 2740 diducit
514 2691 548 2739 ut
570 2699 650 2758 equa
671 2683 825 2758 pruriens:
856 2682 908 2742 cfr.
930 2681 1021 2742 Luer.
1040 2680 1084 2738 IV
1110 2696 1187 2756 1192
1211 2673 1294 2737 ‘Nec

193 2780 299 2837 mulier
319 2799 440 2858 semper
461 2783 532 2841 ficto
555 2784 687 2859 suspirat
709 2801 813 2841 amore
825 2783 915 2856 Quae
930 2782 1090 2858 complexa
1102 2782 1158 2838 uiri
1180 2797 1292 2857 corpus

194 2898 262 2938 cum
282 2901 411 2958 corpore
434 2878 554 2958 iungit’.
600 2884 701 2942 Uersu
723 2893 826 2942 autem
849 2885 901 2959 qui
922 2885 1005 2941 hunc
1019 2883 1205 2958 sequebatur
1226 2883 1292 2938 sine

193 2981 284 3040 dubio
307 2983 386 3039 haec
407 2982 471 3041 fere
492 2985 576 3042 dicta
600 2993 703 3043 erant:
731 2985 896 3060 delphinus
924 2994 957 3041 ut
984 2984 1057 3041 olim
1085 3001 1102 3040 e
1123 2983 1200 3042 mari
1221 2999 1292 3057 pro·

191 3083 289 3142 iectus
319 3085 350 3141 in
380 3084 468 3142 litore
495 3085 619 3143 anhelat
652 3095 774 3145 aestuat
804 3087 937 3144 animam
961 3086 1060 3144 ducit:
1096 3083 1174 3143 conf.
1198 3084 1291 3144 Anth.

193 3179 255 3241 Pal.
278 3185 321 3241 XI
344 3200 381 3258 52

274 3279 415 3366 Παιδείῳ
438 3281 655 3364 Θρασύβουλε,
678 3284 889 3362 σαγηνευθεὶς
911 3283 962 3347 ὑπ’
986 3282 1080 3363 ἔρωτι

316 3379 564 3461 Ἀσθμαίνεις
587 3385 724 3462 δελφὶς
746 3383 797 3463 ὥς
819 3406 877 3462 τις
899 3385 953 3448 ἐπ’
976 3382 1156 3464 αἰγιαλοῦ

274 3482 418 3562 Κύματος
440 3483 582 3563 ἱμείρων·
605 3486 766 3565 δρέπανον
789 3485 824 3549 δέ
847 3501 901 3550 σοι
923 3484 1000 3549 οὐδὲ
1022 3483 1059 3548 τὸ
1081 3482 1238 3562 Περσέως

316 3583 419 3663 Ἀρκεῖ
441 3585 620 3665 ἀποτμῆξαι
642 3587 770 3652 δίκτυον
793 3587 819 3670 ᾧ
842 3587 972 3651 δέδεσαι
995 3619 1035 3629 -

191 3687 267 3746 alias
289 3691 371 3747 enim
391 3690 527 3766 delphini
548 3693 707 3768 suspiritus
729 3692 804 3749 nihil
825 3692 941 3750 habent
960 3690 1078 3766 insigne
1088 3684 1120 3768 ¹).
1165 3688 1289 3764 Optime

290 3955 312 4025 ¹)
331 3957 481 4024 Delphinus
509 3961 537 4010 in
565 3961 636 4011 arida
663 3969 843 4024 argumentum
867 3961 944 4012 trium
967 3961 1179 4027 epigrammatum
1204 3960 1240 4008 A.
1259 3961 1290 4011 P.

187 4046 243 4094 VH
261 4058 320 4109 2¹4·
340 4059 401 4112 215.
420 4049 481 4099 216.
500 4075 534 4087 -
553 4048 695 4115 Δελφῑνος
714 4049 745 4102 έν
763 4050 855 4118 χέρσῳ
869 4047 913 4114 βία
929 4050 977 4099 Ion
999 4065 1040 4115 ap.
1060 4048 1130 4098 Plut.
1151 4048 1289 4100 Demosth.

189 4134 293 4194 3dicit.

1126 4235 1136 4272 1
