2980 4752
334 625 379 699 V.
403 628 474 700 DE
501 623 833 702 ARGVMENTO
860 627 992 700 LIBRI
1018 627 1116 703 XIV.

277 804 314 868 U.
337 823 399 881 403
423 808 448 866 L
475 824 486 866 1
513 808 562 869 M:

262 909 303 964 ad
324 926 429 984 regem
453 903 577 986 legatu',
599 907 753 978 Rhodum,
777 909 966 969 Ecbatanam
995 930 1033 972 ac
1055 912 1242 988 Babylonem

260 1009 322 1079 ib0‚
346 1027 502 1069 cercurum
525 1029 653 1072 sumam.

173 1109 360 1169 Bouterwek
382 1114 423 1170 de
446 1113 561 1171 Lucilio
580 1112 702 1171 satirico
728 1131 758 1188 p.
783 1129 814 1186 9Ι
834 1113 908 1172 alios
933 1121 1057 1172 secutus
1080 1112 1158 1173 haec
1180 1117 1274 1174 uerba

173 1212 337 1270 arbitratur
358 1231 428 1272 esse
451 1214 556 1272 Lucilii
587 1214 681 1288 ipsius
711 1212 853 1289 negantis
880 1229 950 1270 sese
978 1230 1088 1272 munus
1118 1215 1269 1273 eiusmodi

173 1322 403 1388 suscepturum:
436 1317 521 1391 quod
553 1316 689 1389 ineptum
720 1331 792 1372 esse
824 1322 953 1388 apparet
985 1315 1035 1372 uel
1067 1316 1151 1385 inde,
1186 1318 1272 1392 quod

174 1415 274 1472 uerba
296 1422 358 1472 tam
380 1415 525 1475 distincta
547 1433 610 1474 non
635 1424 765 1491 possunt
788 1432 851 1472 non
868 1422 1009 1490 spectare
1025 1417 1067 1473 ad
1082 1434 1146 1473 rem
1162 1426 1275 1476 certam

175 1535 213 1574 ac
237 1533 353 1574 ueram:
378 1535 407 1576 u.
431 1532 490 1592 527
504 1516 529 1575 L
542 1517 644 1574 XXVI
664 1515 700 1575 16
716 1516 749 1574 M
771 1517 861 1590 longe
885 1517 1022 1574 diuersus
1038 1526 1094 1577 est.
1120 1517 1271 1577 Dicuntur

174 1617 226 1674 illa
248 1617 314 1674 sine
336 1618 431 1675 dubio
459 1636 477 1673 a
502 1618 569 1674 uiro
591 1635 728 1676 summae
751 1611 947 1694 dignitatis1)
969 1617 1000 1676 in
1023 1619 1188 1693 republica,
1223 1621 1276 1696 qui

175 1735 246 1775 sese
279 1719 413 1792 legatum
435 1718 541 1794 populi
563 1719 696 1776 Romani
729 1719 771 1777 ad
801 1735 906 1794 regem
928 1719 1094 1792 quendam,
1117 1719 1273 1790 Rhodum,

175 1819 207 1876 in
230 1820 345 1895 Syriam
380 1837 449 1878 esse
477 1821 589 1877 iturum
611 1828 715 1878 narrat
748 1820 787 1878 ab
815 1820 929 1877 eodem
958 1820 989 1876 ni
1012 1819 1098 1878 fallor
1120 1823 1272 1879 consulari

174 1920 226 1978 uel
247 1921 400 1995 praetorio
423 1921 474 1995 qui
496 1921 570 1978 dicit
594 1939 622 1978 u.
647 1935 703 1994 391
731 1921 756 1979 L
783 1936 818 1995 19
841 1920 890 1978 M:

261 2021 378 2079 Publiu’
401 2020 496 2080 Pauu'
519 2021 591 2080 mihi
613 2018 634 2097 †
657 2021 844 2080 Turbitanus
867 2029 1013 2097 quaestor
1035 2021 1150 2080 Hibera

257 2125 289 2181 in
311 2133 392 2182 terra
408 2124 473 2193 fuit,
495 2125 657 2200 lucifugus,
680 2124 795 2181 nebulo
817 2125 851 2180 id
871 2122 963 2198 genu'
987 2141 1071 2184 sane.
1129 2099 1137 2121 ⁰

175 2223 218 2282 Ut
241 2225 342 2283 breuis
366 2226 431 2294 sim,
465 2225 598 2283 Lucilius
620 2224 680 2282 hoc
704 2224 779 2282 libro
803 2223 1121 2300 Scipionem'induxit
1144 2225 1271 2301 loquen-

174 2335 246 2401 tem,
274 2344 366 2402 quem
395 2327 574 2400 asapiente
598 2326 714 2384 Lucilio
749 2326 894 2401 scriptum
926 2343 996 2384 esse
1031 2337 1063 2384 et
1096 2329 1209 2387 iustum
1242 2336 1273 2385 et

175 2428 286 2485 fortem
309 2436 372 2487 tam
395 2427 539 2485 Horatius
562 2427 637 2484 dicit
658 2443 751 2500 quam
779 2444 817 2483 ex
839 2435 952 2502 poetae
975 2428 1068 2502 ipsius
1093 2429 1271 2503 fragmentis

174 2528 312 2588 efficitur.
344 2529 496 2603 Tangitur
511 2528 682 2603 fragmento
704 2527 801 2602 primo
826 2527 940 2602 legatio
962 2528 1013 2585 illa
1029 2529 1189 2586 Aemiliani
1211 2547 1272 2604 qua

174 2637 272 2687 totum
295 2630 358 2688 lere
381 2632 486 2689 orbem
508 2640 653 2690 terrarum
676 2630 752 2688 obiit
775 2647 925 2705 persaepe
948 2649 966 2688 a
989 2630 1187 2706 scriptoribus
1208 2629 1272 2688 lau·

174 2731 257 2792 data.
302 2727 406 2808 (Conf.
429 2734 469 2790 de
498 2741 636 2807 tempore
665 2731 752 2789 huius
777 2731 940 2805 legationis
962 2730 1143 2789 Muellerum
1166 2730 1272 2804 fragm.

174 2831 244 2891 hist.
261 2832 313 2892 Gr.
329 2833 358 2890 ll
372 2853 401 2909 p.
416 2830 500 2908 XX.)
524 2831 588 2892 Cic.
611 2833 709 2891 Acad.
731 2833 759 2889 Il
783 2848 800 2906 5
829 2827 979 2890 ‘Africani
992 2879 998 2892 .
1013 2875 1041 2892 ..
1063 2832 1094 2890 in
1117 2832 1272 2906 legatione

172 2933 224 2990 illa
247 2935 342 2991 nobili
364 2953 455 3009 quam
487 2944 558 2992 ante
581 2931 663 3010 W)
684 2952 844 2992 censuram
872 2934 947 2991 obiit
970 2933 1151 2992 Panaetium
1177 2951 1272 2992 unum

173 3036 298 3093 omnino
321 3037 464 3096 comitem
477 3036 590 3094 fuisse'.
627 3034 675 3092 De
698 3053 761 3110 rep.
779 3035 822 3092 VI
843 3051 874 3092 11
900 3029 993 3092 ‘Cum
1014 3043 1117 3093 autem
1139 3035 1272 3094 Kartha-

172 3137 275 3210 ginem
290 3137 439 3194 deleueris
456 3182 462 3197 .
477 3181 505 3197 ..
522 3145 552 3194 et
568 3137 681 3194 obieris
706 3137 827 3210 legatus
844 3136 1019 3212 Aegyptum
1035 3137 1151 3211 Syriam
1167 3137 1272 3195 Asiam

171 3233 350 3318 Graeciam’
363 3255 391 3296 e.
403 3257 431 3314 q.
447 3255 472 3298 s.
485 3237 632 3297 Posidon.
648 3255 697 3312 ap.
711 3236 788 3298 Plut.
806 3255 875 3294 cum
891 3237 985 3312 princ.
1001 3254 1070 3295 esse
1093 3236 1191 3313 philos
1204 3237 1218 3293 I
1236 3252 1269 3293 12

171 3323 341 3412 Σκηπίων.
365 3386 371 3399 .
396 3387 401 3400 .
425 3335 480 3401 ὅτε
503 3336 605 3400 αὐτὸν
627 3334 646 3412 ἡ
670 3334 853 3414 σύγκλητος
877 3334 1055 3414 ἐξέπεμψεν
1077 3333 1269 3413 ίἀνθρώπων

172 3435 261 3515 ὕβριν
281 3457 315 3501 τε
331 3437 382 3500 καὶ
404 3437 556 3516 εὐνομίην
579 3433 763 3516 coopertu
793 3435 927 3512 (Clitom.
951 3457 999 3514 ap.
1022 3439 1098 3499 Plut.
1123 3437 1269 3514 apophth.

176 3555 373 3563 --..——-.—.

275 3620 294 3686 ¹)
311 3625 426 3686 Legaius
447 3623 514 3672 enim
533 3622 627 3687 populi
647 3621 770 3680 Romani,
790 3620 824 3669 de
842 3636 895 3685 quo
915 3636 1023 3670 munere
1041 3619 1104 3669 uide
1124 3621 1270 3672 Mommse·
1363 3645 1365 3651 .

172 3727 234 3761 num
247 3713 344 3762 Roem.
359 3712 489 3763 Staatsr.1
503 3728 528 3776 p.
539 3711 600 3776 656,
613 3709 729 3759 Lucilius
743 3711 890 3759 Suessanus
904 3707 959 3757 fieri
973 3708 1046 3757 nulla
1061 3708 1163 3757 ratione
1176 3710 1270 3774 potuit.

272 3800 293 3867 ²)
313 3802 399 3849 Recte
409 3799 526 3849 Mueller
545 3799 635 3861 fragm,
656 3798 717 3848 lrist.
737 3798 781 3847 Gr.
792 3797 820 3845 Il
831 3811 858 3861 p.
869 3797 929 3844 XX
945 3797 1033 3846 statuit
1044 3795 1198 3845 Ciceronem
1217 3797 1271 3847 hoc

114 3924 115 3928 ,
171 3889 232 3939 loco
253 3904 338 3939 errare
350 3887 553 3952 Scipionemque
571 3893 633 3951 post
652 3901 789 3935 censuram
808 3900 878 3934 anno
897 3885 952 3934 lere
972 3884 1089 3949 6191135
1110 3882 1271 3946 legationem

170 3977 244 4027 illam
272 3976 434 4042 suscepisse:
463 3974 622 4038 argumentis
648 3974 687 4023 ibi
714 3973 825 4040 prolatis
845 3974 913 4023 adde
933 3973 994 4030 hoc,
1018 3972 1091 4037 quod
1111 3972 1269 4023 Plutarchus

170 4064 197 4114 in
217 4065 342 4130 apophth.
363 4063 433 4128 Scip.
457 4062 519 4112 min.
545 4061 650 4126 optimis
678 4062 725 4110 ille
755 4061 860 4126 quidem
888 4061 1007 4110 fontibus
1037 4075 1101 4110 usus
1125 4060 1268 4124 legationis

175 4161 236 4204 ante
255 4153 355 4202 bellum
374 4153 569 4211 Numantinum,
588 4159 648 4218 post
667 4167 802 4201 censuram
821 4150 951 4216 Scipionis
971 4148 1096 4200 meminit.

1105 4238 1121 4286 6
