2998 4744
756 231 796 291 34

312 399 349 465 τὸ
371 401 433 479 γὰρ
454 403 644 479 παρασιτεῖν
668 397 760 478 εὗρεν
783 398 901 476 ὁΖεύς
924 397 943 461 ὁ
965 397 1072 477 φίλιος
1096 447 1102 461 .
1127 449 1132 461 .
1157 450 1163 460 .

312 499 408 580 οὐτος
429 501 491 579 γὰρ
514 499 560 579 εἰς
583 501 642 579 τὰς
665 499 768 579 οἰκίας
792 499 970 578 εἰσέρχεται

313 603 384 682 οὐχὶ
406 601 568 681 διακρίνας
590 603 649 679 τὴν
670 601 823 680 πενιχρὰν
845 600 864 677 ἢ
886 600 1045 664 πλουσίαν
1069 651 1074 663 .
1099 651 1104 663 .
1129 651 1135 664 .

311 703 400 781 κάγὼ
421 706 503 768 ποιῶ
525 706 583 768 νύν
604 701 703 767 τοῦτ’·
727 703 808 766 έπὰν
830 702 939 779 κλίνας
960 700 1020 764 low

313 805 518 884 ἐστρωμένας
541 805 592 868 καὶ
615 804 674 882 τὰς
697 804 856 882 τραπέζας
880 802 1044 880 εὐτρεπεῖς

312 906 364 970 καὶ
385 907 443 983 τὴν
467 905 587 985 θύραν
610 904 877 989 ἀνεῳγμένην,
901 902 1133 982 εἰσέρχομαι

312 1006 450 1071 ἐνθάδε
474 1012 604 1089 σιωπῇ
629 1006 693 1069 καί
714 1005 888 1082 ποιήσας
912 1003 1082 1080 εὐσταλῆ
1122 1045 1124 1051 ·

312 1108 493 1187 ἐμαυτόν,
516 1107 617 1171 ὥστε
642 1105 697 1186 μὴ’
721 1109 882 1184 νοχλείν
905 1106 973 1170 τὸν
996 1105 1207 1184 συμπότην.

234 1230 341 1287 Plures
363 1231 493 1288 fortasse
515 1238 691 1304 corruptum
714 1239 770 1296 est,
806 1229 935 1286 fortasse
962 1229 1070 1284 melius
1093 1229 1333 1304 intellegeretur,

229 1333 254 1388 si
277 1349 384 1389 uersus
413 1333 634 1390 antecedentes
662 1331 775 1388 seruati
804 1339 921 1387 essent:
957 1337 1150 1403 comparatur
1178 1332 1330 1404 parasitus

231 1451 300 1490 cum
324 1434 433 1501 amico,
456 1450 546 1506 quem
570 1433 691 1488 incessu
716 1440 800 1488 certo
824 1439 855 1487 et
876 1441 980 1488 erecto
997 1432 1216 1487 amicitantum
1237 1432 1332 1488 limen

233 1533 344 1590 intrare
367 1534 498 1591 fortasse
521 1534 610 1590 dixit:
634 1533 730 1590 atille
754 1532 854 1590 furtim
871 1533 984 1606 irrepit,
1008 1533 1144 1588 nimirum
1168 1531 1209 1603 (u.
1226 1530 1287 1605 629
1306 1533 1332 1588 L

231 1649 270 1690 20
292 1634 337 1708 M)

313 1752 384 1809 facit
411 1754 492 1810 idem
528 1754 612 1827 quod
644 1753 684 1808 illi
717 1754 768 1826 qui
801 1752 1018 1825 inscriptume
1047 1760 1137 1825 portu
1167 1761 1333 1826 exportant

1076 1853 1246 1909 clanculum

311 1973 350 2010 ne
373 1955 541 2029 portorium
564 1955 640 2011 dent

231 2069 330 2128 Uersu
351 2073 451 2146 priore
478 2073 531 2126 illi
554 2080 651 2128 metro
679 2088 852 2146 repugnans
880 2073 1001 2129 difficile
1025 2082 1162 2130 correctu
1185 2091 1259 2130 sane
1282 2083 1332 2130 est

233 2171 373 2243 (Mueller
395 2174 425 2231 d.
449 2190 471 2226 r.
495 2190 534 2230 m.
557 2190 586 2246 p.
608 2171 693 2246 428),
717 2191 787 2228 nam
811 2174 864 2228 ille
885 2191 1054 2248 pronomen
1076 2176 1264 2249 aptissimum
1287 2176 1331 2230 iu-

231 2271 314 2328 dico:
342 2272 412 2329 hia
446 2273 516 2328 uiris
543 2274 643 2329 doctis
670 2274 829 2348 proposito
856 2283 992 2349 praestat
1028 2276 1058 2330 ei
1088 2276 1282 2342 uocabulum,
1306 2277 1331 2331 si

234 2389 357 2429 sensum
381 2373 530 2430 enuntiati
543 2383 686 2447 spectas.

330 2545 434 2614 Ἅπαξ
459 2547 626 2626 εἰρημένον
649 2561 749 2609 exstat
772 2555 802 2608 in
825 2553 872 2612 lib.
895 2552 1012 2608 XXVII
1034 2570 1062 2612 u.
1088 2552 1148 2626 634
1174 2554 1198 2610 L
1224 2569 1260 2627 27
1285 2555 1332 2614 M:

315 2655 422 2728 uiginti
446 2654 530 2709 domi
553 2671 591 2709 an
618 2655 741 2729 triginta
763 2672 802 2712 an
826 2663 948 2710 centum
972 2653 1112 2710 cibz'cz'das
1134 2657 1207 2723 alas

232 2772 317 2846 quod
340 2772 425 2826 unde
455 2770 625 2826 deductum
648 2771 695 2838 sit,
728 2771 841 2826 nemini
863 2771 989 2826 dubium
1021 2788 1089 2827 esse
1112 2781 1227 2846 potest,
1260 2773 1333 2846 quid

233 2869 392 2944 significet,
416 2870 465 2926 alii
491 2869 580 2926 aliter
603 2870 776 2927 iudicauere
804 2867 932 2941 (Loewe
954 2872 1055 2944 prodr.
1079 2872 1171 2945 gloss,
1193 2891 1221 2946 p.
1246 2872 1332 2945 307).

232 2971 330 3027 Recte
354 2980 455 3028 autem
478 2989 533 3028 eos
557 2971 710 3029 iudicasse
734 2972 784 3045 qui
805 2973 955 3046 parasitos
978 2973 1037 3029 isto
1056 2974 1206 3030 uocabulo
1229 2974 1333 3029 uocari

232 3080 427 3146 sumpserunt
438 3067 460 3145 ¹)
486 3072 558 3127 inde
575 3071 712 3139 efficitur,
735 3075 820 3147 quod
843 3073 976 3130 Lucilius
999 3073 1031 3129 id
1048 3083 1153 3149 aperte
1176 3073 1330 3131 eGraeco

231 3167 478 3246 σιτόκουρος
500 3172 622 3229 uidetur
640 3174 778 3239 uertisse,
802 3175 842 3230 de
866 3191 926 3248 quo
950 3175 1062 3234 Athen.
1086 3175 1129 3232 VI
1151 3194 1180 3249 p.
1204 3191 1262 3248 247
1291 3175 1331 3234 E:

230 3268 282 3351 Τῷ
302 3269 338 3331 δὲ
372 3267 554 3347 παράσιτος
588 3268 682 3347 ὅμοιά
716 3271 805 3334 ἐστιν
838 3269 982 3349 ὀνόματα
1016 3271 1161 3351 ἐπίσιτος
1187 3325 1193 3336 .
1217 3324 1223 3336 .
1248 3324 1253 3336 .
1282 3272 1333 3334 καὶ

231 3368 402 3448 οἰκόσιτος,
425 3369 671 3448 σιτόκουρός
693 3392 728 3434 τε
751 3372 803 3434 καὶ
826 3371 998 3450 αὐτόσιτος
1014 3376 1079 3436 κτλ.
1123 3375 1257 3433 Utuntur
1272 3377 1331 3434 hac

232 3490 310 3529 uoce
327 3473 434 3530 comici
462 3475 492 3529 in
516 3473 589 3529 locis
614 3475 682 3532 huic
707 3475 864 3532 Luciliano
888 3477 1054 3547 simillimis,
1077 3479 1160 3534 uelut
1182 3475 1329 3534 Menaud.

232 3591 263 3647 4,
292 3574 348 3648 196
371 3573 465 3633 Mein.

334 3881 354 3946 ¹)
375 3883 405 3932 E.
426 3882 536 3932 Fischer
555 3884 581 3935 d.
601 3885 710 3933 uocibus
729 3883 873 3934 Lucilianis
892 3887 971 3936 Halis
992 3887 1056 3936 1881
1079 3902 1104 3952 p.
1117 3898 1150 3948 34
1170 3902 1261 3937 seruos
1281 3888 1331 3951 sig·

231 3969 330 4018 nificari
348 3979 422 4034 putat
441 3980 546 4021 secutus
566 3973 714 4031 Loewium;
744 3973 861 4022 Mueller
888 3983 964 4026 tacet.
1002 3977 1102 4024 Uerum
1125 3975 1271 4040 suspicatus
1292 3985 1331 4025 est

232 4074 299 4107 unus
319 4058 447 4124 Corpetus
468 4059 541 4125 (edit.
562 4077 587 4126 p.
612 4062 672 4126 164)
703 4062 736 4111 ab
758 4062 880 4112 omnibus
899 4065 1046 4126 neglectus.
1083 4065 1167 4114 Etiam
1186 4065 1329 4124 Duentzer‚

233 4147 276 4194 die
295 4162 374 4198 roem.
392 4147 518 4198 Satiriker
539 4165 563 4213 p.
583 4162 615 4212 43
637 4165 729 4198 seruos
749 4150 832 4198 dictos
852 4165 911 4200 esse
930 4152 1056 4200 cibicidas
1075 4160 1157 4217 putat.
