2980 4752
730 167 770 228 90

195 338 351 396 ordinibus
373 348 490 412 ageret,
524 341 606 398 uelut
629 341 658 397 in
689 340 767 398 haec
796 350 933 416 tempora
961 341 1104 414 scriptam
1126 341 1155 396 in
1179 347 1293 397 senatu

195 433 358 496 recitauit'.
404 437 492 497 Conf.
510 440 592 498 Suet.
610 440 686 514 Aug.
704 439 743 515 89
765 436 890 497 ‘Libros
911 448 994 498 totos
1017 449 1049 498 et
1072 440 1191 496 senatui
1214 437 1293 512 reci·

195 539 273 597 tauit
295 547 327 596 et
348 540 461 615 populo
488 549 579 598 notos
607 558 661 616 per
688 542 821 599 edictum
845 557 939 616 saepe
963 540 1045 608 fecit,
1078 549 1112 597 ut
1134 540 1294 596 orationes

195 640 233 712 Q.
256 639 371 698 Metelli
393 642 433 698 de
456 641 542 716 prole
565 636 737 716 augenda’.
783 640 938 701 Gellio:
969 637 1087 698 ‘Multis
1110 650 1141 698 et
1164 640 1295 698 eruditis

194 741 265 798 uiris
287 742 481 800 audientibus
507 742 665 817 legebatur
687 744 785 800 oratio
808 743 923 800 Metelli
946 741 1108 810 Numidici,
1132 743 1232 816 grauis
1257 757 1296 797 ac

196 842 302 900 diserti
324 843 390 911 uiri,
414 861 506 918 quam
527 845 557 900 in
580 861 709 902 censura
733 837 830 922 (anno
856 843 1009 916 652Jroz)
1032 843 1109 900 dixit
1132 843 1171 900 ad
1195 858 1296 917 popu·

195 942 255 998 lum
281 943 321 998 de
354 943 502 1000 ducendis
534 944 688 1012 uxoribus,
718 962 785 1002 cum
814 961 883 1002 eum
905 945 945 1002 ad
969 943 1161 1001 matrimonia
1184 959 1296 1016 capes-

196 1044 294 1101 senda
323 1039 517 1104 hortaretur'.
562 1043 621 1101 Ubi
645 1044 775 1103 Gellium
807 1062 923 1103 errasse
955 1053 986 1102 et
1010 1043 1200 1101 Macedonici
1222 1043 1297 1099 scri·

196 1143 332 1200 bendum
357 1161 426 1202 esse
449 1145 610 1203 uerisimile
626 1154 690 1214 est,·
705 1147 912 1204 necessarium
927 1161 990 1203 non
1013 1153 1076 1204 est:
1101 1143 1181 1202 coni.
1197 1142 1298 1199 Meier

196 1261 238 1300 or.
263 1243 351 1302 Rom.
377 1244 462 1319 srgm.
484 1263 512 1320 p.
529 1260 577 1320 95.
599 1261 666 1321 137.
689 1245 778 1304 Nulla
802 1246 932 1305 fortasse
955 1264 1003 1304 res
1027 1245 1123 1318 magis
1146 1243 1297 1302 Lucilium

197 1345 313 1419 impulit
335 1354 367 1402 ut
391 1355 508 1404 saturas
532 1347 678 1404 scriberet
694 1365 784 1422 quarn
806 1348 857 1405 illa
878 1347 1073 1404 Macedonici
1096 1346 1205 1417 oratio,
1228 1345 1296 1401 eius

197 1446 332 1504 censoris
355 1448 407 1521 qui
430 1448 548 1522 Lupum
571 1449 738 1526 principem
757 1458 881 1507 senatus
906 1449 979 1523 legit
1002 1448 1113 1504 eodem
1136 1464 1217 1504 anno
1234 1463 1296 1520 quo

197 1546 330 1605 Lucilius
364 1549 470 1606 librum
504 1549 632 1625 primum
666 1547 696 1625 (i.
732 1569 758 1609 e.
788 1550 907 1624 XXVI)
940 1549 1112 1625 composuit
1144 1547 1296 1622 623l131.

198 1647 320 1706 Etenim
342 1649 372 1705 in
396 1651 536 1708 omnibus
559 1651 735 1709 Lucilianae
762 1668 894 1726 poeseos
917 1652 1053 1726 partibus
1076 1650 1176 1707 elucet
1199 1667 1297 1723 quan·

199 1757 306 1823 topere
329 1750 461 1808 Lucilius
485 1768 596 1809 uxores
616 1753 726 1823 oderit,
749 1752 863 1810 amicas
886 1761 969 1808 amet
992 1753 1074 1809 uelut
1095 1751 1200 1807 librum
1222 1748 1298 1806 XVI

197 1858 269 1924 post
292 1868 405 1908 annum
428 1851 568 1925 (1441110
591 1853 746 1928 aliquanto
770 1853 885 1910 editum
908 1854 949 1910 de
974 1851 1095 1928 Collyra
1118 1851 1217 1909 amica
1239 1867 1296 1907 sua

198 1951 318 2026 scripsit
351 1970 449 2010 annos
480 1964 569 2012 natus
604 1971 694 2029 supra
716 1954 811 2022 LXX,
838 1954 931 2024 (conf.
954 1954 1029 2011 libro
1053 1954 1097 2011 XI
1122 1951 1300 2028 Iugurthini

192 2056 283 2124 pater
297 2051 382 2108 huius
405 2062 436 2110 et
450 2053 580 2112 Mueller
593 2072 623 2128 p.
640 2069 696 2128 232
715 2053 812 2128 edit).
856 2053 990 2111 Similem
1012 2047 1297 2128 εὐθυῤῥημοσύνην

198 2169 271 2226 prae
288 2170 321 2209 se
338 2153 441 2211 sertin
457 2156 500 2213 eis
517 2173 595 2230 quae
613 2156 653 2213 de
669 2155 824 2230 Hymnide
847 2164 879 2213 et
893 2154 1004 2213 Cretea
1021 2153 1144 2228 (Cratea
1163 2150 1295 2221 conieci)

197 2262 299 2311 narrat
322 2254 403 2312 libris
424 2258 532 2315 ordine
555 2259 784 2333 posterioribus,
819 2256 933 2315 Contra
956 2275 1084 2315 uxorum
1104 2273 1204 2314 mores
1226 2273 1295 2330 per-

195 2355 274 2412 fidos
302 2365 335 2414 et
364 2357 519 2433 improbos
546 2361 665 2434 scripsit
691 2359 766 2417 libro
789 2358 901 2427 XXVI,
936 2358 1073 2434 inprimis
1095 2359 1171 2416 libro
1195 2357 1293 2423 XXX,

198 2472 290 2529 quem
324 2475 362 2514 ex
385 2454 475 2516 ‘libro
498 2460 623 2518 aureolo
645 2460 850 2536 Theophrasti
879 2461 920 2516 de
942 2454 1070 2535 nuptiis'
1093 2454 1216 2533 (Senec.
1239 2457 1295 2532 frg.

197 2571 236 2631 47
260 2554 379 2634 Haase)
401 2562 584 2636 exscriptum
607 2562 784 2626 credideris,
819 2569 904 2617 tanto
930 2577 1058 2617 uxorum
1080 2560 1154 2616 odio
1177 2560 1295 2634 flagrat.

199 2654 293 2727 (conf.
316 2659 449 2718 Gerlach
471 2662 546 2721 edit.
571 2680 600 2736 p.
622 2661 783 2718 LXXXIII
805 2658 919 2735 Corpet
945 2677 974 2735 p.
1002 2659 1087 2732 197);
1122 2660 1161 2716 de
1184 2675 1296 2734 puero·

182 2777 263 2816 rum
281 2769 313 2818 et
336 2762 502 2820 amicarum
525 2779 630 2820 amore
653 2763 729 2820 libro
752 2762 856 2820 XXIX
867 2781 897 2838 p.
919 2761 974 2819 116
995 2762 1068 2821 edit.
1092 2760 1238 2828 Mueller,
1264 2768 1296 2816 et

198 2859 241 2916 sic
261 2862 375 2935 passim
396 2881 451 2938 per
467 2882 572 2921 omnes
589 2873 717 2932 saturaS,
738 2865 822 2921 uelut
838 2863 896 2920 VII
917 2863 992 2920 VIII
1008 2862 1066 2919 XV
1079 2861 1140 2935 446
1154 2861 1179 2919 L
1195 2875 1232 2933 35
1248 2860 1293 2918 M:

283 2979 351 3019 cum
374 2971 476 3021 tecum
499 2974 555 3035 est,
579 2967 725 3041 quicquid
749 2967 823 3023 satis
846 2974 908 3022 est:
933 2965 1026 3021 uisuri
1049 2964 1139 3021 alieni

282 3063 342 3119 sint
364 3063 513 3134 homines,
538 3067 650 3141 spiram
673 3066 768 3141 pallas
792 3066 971 3138 redimicula
992 3065 1112 3139 promit.

200 3163 341 3239 Singulos
363 3182 471 3222 uersus
500 3168 671 3224 exscribere
703 3168 826 3241 longum
848 3175 909 3223 est:
942 3167 967 3224 si
989 3166 1080 3222 libros
1103 3162 1206 3222 XXVI
1220 3159 1241 3236 ¹)
1264 3169 1297 3218 et

301 3478 320 3546 ¹)
344 3480 389 3529 Ad
416 3480 526 3531 eandem
551 3482 658 3532 Metelli
682 3483 716 3531 de
739 3483 867 3532 ducendis
890 3482 1017 3531 uxoribus
1040 3481 1185 3531 orationem
1210 3479 1295 3528 refero

199 3569 301 3618 XXVI
321 3581 371 3634 599
390 3571 413 3619 L
435 3581 464 3634 15
486 3572 516 3619 M
542 3587 573 3620 ex
597 3557 686 3621 Nonio
711 3587 736 3636 p.
758 3583 806 3636 351
829 3585 906 3635 quern
925 3570 1013 3619 locum
1042 3570 1079 3618 sie
1108 3567 1294 3635 suppleuerim:

199 3655 325 3717 ‘Mutare‚
345 3657 536 3724 derelinquere.
557 3661 630 3722 Uirg.
651 3659 757 3726 [Georg.
772 3660 818 3708 lib.
831 3661 870 3708 II:
900 3657 1033 3724 exilioque
1052 3658 1146 3706 domos
1166 3663 1191 3706 et
1210 3654 1297 3704 dulcia

199 3746 292 3795 limina
318 3753 425 3798 mutant.
449 3747 578 3816 Lucilius]
598 3749 647 3800 lib.
666 3749 781 3798 XXVI:
808 3747 873 3797 mihi
901 3747 1007 3813 quidem
1035 3763 1088 3796 non
1115 3745 1295 3811 persuadetur,

200 3835 307 3901 publice
333 3842 429 3884 mutem
458 3836 552 3887 meos’.
590 3838 701 3888 Publice
721 3840 826 3887 Mercer
846 3838 1014 3900 publicaret
1028 3838 1135 3901 pulices
1155 3833 1232 3883 codd.
1251 3831 1296 3880 ubi

199 3924 297 3973 suocis
315 3939 386 3973 meos
404 3924 577 3975 similitudine
591 3926 737 3992 appositum
750 3932 797 3975 est.
817 3925 904 3983 Meos,
925 3923 1027 3973 scilicet
1039 3937 1137 3973 mores:
1159 3920 1295 3969 amicarum

201 4027 303 4062 amores
329 4013 495 4064 matrimonio
519 4015 636 4081 praefert
661 4021 748 4080 poeta.
769 4041 802 4051 -
821 4012 936 4079 Uergilii
955 4027 1045 4063 uersus
1065 4023 1143 4076 quem
1165 4008 1297 4058 excidisse

200 4109 263 4168 puto
284 4109 323 4152 est
342 4103 439 4166 Georg.
459 4104 486 4151 11
508 4115 566 4170 511.
