2980 4752
698 233 735 294 73

171 407 353 465 monstrauit
376 407 551 463 Mommsen
575 404 650 467 CIL.
672 408 687 463 I
708 426 738 482 p.
763 423 812 482 55,
839 408 958 466 dnobus
986 409 1036 465 uel
1066 409 1161 468 tribus
1186 408 1273 466 annis

172 516 246 565 ante
262 508 381 565 Albucii
402 524 535 564 causam.
585 507 687 566 Testis
713 509 836 566 uidetur
863 526 932 566 esse
955 508 1099 567 Aemilius
1130 529 1159 570 u.
1185 525 1223 582 55
1246 511 1272 568 L

175 625 212 666 22
235 609 278 677 M,
299 609 371 666 item
399 616 493 666 testes
525 610 638 667 oculati
668 608 839 667 Postumius
868 609 1114 685 Hortensiusque
1135 631 1162 671 u.
1185 627 1223 684 42
1247 611 1273 669 L

177 726 209 766 11
237 711 278 768 M.
303 709 508 768 Perorationis
525 711 641 768 Albucii
664 721 782 786 partem
801 712 897 769 habes
921 711 956 768 fr.
972 711 1015 768 Vl
1037 713 1088 769 ubi
1102 712 1197 770 uerba
1212 732 1270 769 non

173 813 238 868 dico
259 819 341 869 recte
364 829 397 868 se
420 811 544 880 habent,
568 831 641 869 num
665 813 765 869 m'ncru
784 815 963 870 mutandum
990 813 1029 871 sit
1062 813 1169 872 dubito
1200 814 1270 888 quia

173 913 245 987 quid
277 913 307 969 in
340 931 388 972 uu.
411 914 667 988 praecedentibus
698 914 796 990 fuerit,
827 915 984 976 incertum.
1027 916 1174 973 Fortasse
1196 916 1271 973 dixit

175 1019 318 1077 Albucius
340 1035 410 1076 sese
433 1019 563 1077 moleste
578 1037 642 1076 non
663 1021 793 1076 laturum
814 1035 885 1077 esse
908 1019 933 1076 si
948 1035 1123 1094 quanquam
1145 1017 1268 1074 crimine

175 1123 305 1181 bominis
326 1124 427 1181 necati
450 1123 492 1196 (u.
516 1123 556 1199 63
579 1124 605 1181 L
627 1139 646 1198 9
667 1121 712 1198 M)
742 1139 907 1198 oppressus
936 1122 1043 1197 capitis
1070 1137 1204 1196 poenam
1225 1119 1270 1178 ef-

176 1223 273 1299 fugiat
294 1235 325 1282 et
348 1226 442 1282 exsilii
462 1243 557 1283 causa
579 1225 677 1282 solum
701 1232 802 1282 uertat
832 1225 1069 1299 repetundarum
1093 1222 1272 1278 damnatus:

176 1327 259 1402 quod
283 1343 376 1401 saepe
399 1327 548 1384 accidisse
570 1334 678 1383 notum
700 1335 747 1384 est
770 1343 808 1382 ex
830 1343 922 1383 causa
944 1324 1060 1383 Albucii
1081 1323 1175 1399 ipsius
1190 1340 1272 1380 anno

174 1427 312 1501 651l1o3
341 1428 422 1485 dicta
432 1423 466 1506 ¹),
499 1445 537 1484 ex
559 1429 657 1485 causis
682 1421 815 1504 Rufflfii)
844 1425 947 1484 Uerris
971 1425 1106 1493 aliomm,
1139 1425 1189 1500 qui
1222 1432 1273 1481 aut

176 1529 312 1586 damnati
336 1531 574 1604 repetundarum
597 1530 626 1585 in
649 1529 786 1586 exsilium
808 1529 907 1584 ierunt
929 1535 981 1584 aut
996 1526 1194 1584 damnatione
1209 1543 1273 1582 non

175 1638 354 1705 exspectata
375 1630 448 1687 urbe
478 1638 650 1687 cesserunt:
682 1631 721 1686 de
745 1629 853 1686 talibus
879 1629 937 1686 reis
968 1627 1049 1687 conf.
1075 1628 1175 1702 legem
1197 1627 1270 1686 Acil.

177 1726 261 1805 §zo
305 1731 429 1788 Etenim
458 1749 531 1789 num
552 1733 790 1807 repetundarum
818 1730 955 1788 damnati
976 1729 1082 1787 exsilio
1108 1736 1141 1786 ut
1163 1729 1269 1786 multa·

175 1842 277 1889 rentur
299 1832 367 1906 lege
390 1834 486 1891 Acilia
506 1842 652 1891 statutum
674 1833 771 1901 fuerit,
806 1850 844 1890 ex
877 1832 1052 1908 fragmentis
1076 1849 1138 1888 non
1161 1831 1269 1906 liquet:

175 1940 245 1988 sunt
273 1935 323 2009 qui
353 1952 417 1991 non
439 1936 597 1994 dubitent:
641 1934 720 1994 conf.
743 1934 823 1992 Rein
855 1934 887 1990 in
909 1932 1014 2008 Paulyi
1033 1930 1269 2008 Realencyclop.

174 2051 197 2092 s.
220 2053 248 2092 u.
276 2035 529 2110 Repetundarum
552 2037 682 2096 crimen:
716 2044 786 2094 sunt
808 2037 857 2111 qui
881 2035 1005 2092 omnino
1027 2051 1161 2110 unquam
1183 2050 1271 2108 repe·

175 2136 338 2192 tundamm
360 2153 429 2194 reos
452 2136 559 2195 exsilio
580 2155 648 2196 esse
670 2138 814 2196 multatos
836 2145 950 2212 negent
974 2132 1099 2210 (Zumpt
1116 2132 1271 2194 Abbandl.

178 2237 209 2294 d.
232 2235 262 2295 k.
275 2236 311 2296 A.
335 2238 365 2297 d.
381 2237 426 2296 W.
452 2257 476 2297 z.
499 2238 577 2298 Berl.
605 2237 680 2312 1845
704 2258 733 2315 p.
747 2256 783 2312 41
809 2238 967 2295 Drumann
986 2236 1025 2294 G.
1038 2235 1074 2296 R.
1092 2236 1124 2292 ΙΙ
1140 2254 1170 2311 p.
1185 2230 1270 2310 489).

275 2335 346 2395 Duo
379 2337 550 2413 fragmenta
581 2339 623 2395 IV
652 2347 683 2396 et
703 2338 732 2394 V
763 2347 881 2397 restant
913 2338 1107 2414 explicanda,
1144 2353 1272 2412 quorum

172 2438 255 2514 prius
278 2445 311 2494 ul
331 2441 396 2496 iure
411 2442 527 2514 persius
550 2441 743 2517 quambene
767 2442 808 2497 ad
819 2441 951 2497 Mucium
967 2437 1115 2496 referatur
1137 2433 1270 2512 uides³):

172 2539 303 2597 alterum

173 2728 371 2738 -—-—-—..-—-

276 2825 295 2888 ¹)
314 2826 368 2876 Cic.
387 2826 422 2876 de
441 2827 484 2878 off.
503 2829 531 2877 II
550 2838 584 2892 50
602 2829 679 2879 Tusc.
698 2831 725 2878 V
742 2829 791 2878 108
810 2845 858 2894 pro
878 2827 975 2878 Scauro
994 2839 1037 2890 40.

277 2913 297 2976 ²)
318 2915 372 2967 Cic.
392 2915 426 2964 de
445 2923 497 2965 nat.
516 2916 588 2966 deor.
608 2918 649 2966 III
669 2918 702 2969 80
721 2933 769 2983 pro
787 2919 885 2968 Scauro
903 2918 917 2965 I
936 2928 952 2965 2
972 2924 998 2966 et
1014 2914 1122 2982 passim.

274 3000 294 3064 ³)
313 3003 395 3052 Mucii
412 3019 504 3053 omnes
528 3004 589 3053 iuris
613 3005 754 3070 prudentia
773 3004 950 3055 excellebant:
990 3007 1055 3054 Hor.
1081 3019 1122 3069 ep.
1142 3003 1209 3062 112,
1229 3001 1272 3061 89.

174 3089 217 3138 De
235 3091 316 3139 Mucii
335 3092 440 3154 auguris
460 3093 555 3142 eximia
572 3093 636 3180 iuris
655 3093 765 3143 scientia
783 3093 864 3142 multa
883 3092 983 3152 Cicero,
1002 3091 1076 3142 uelut
1094 3090 1128 3140 de
1146 3105 1185 3139 or.
1204 3089 1272 3138 166.

176 3188 237 3239 234.
258 3189 318 3245 250.
336 3179 412 3246 [conf.
432 3192 474 3243 39.
504 3181 561 3245 165.
585 3180 667 3232 Bmt'
680 3193 738 3232 102.
764 3193 823 3231 212.
842 3209 874 3218 -
895 3180 1017 3231 Ceterum
1039 3196 1065 3230 u.
1094 3179 1210 3229 obsceno
1240 3188 1272 3242 52

174 3266 198 3314 L
217 3278 248 3315 21
270 3269 300 3316 M

322 3358 346 3407 si
366 3358 471 3428 natibus
490 3359 615 3410 natricem
633 3360 766 3425 impressit
779 3373 892 3408 crassam
911 3366 937 3408 et
956 3359 1093 3425 capitatam

174 3444 246 3508 qnod
264 3445 359 3494 amoris
379 3446 489 3510 puerilis
508 3446 665 3497 Scaeuolam
685 3449 769 3512 arguit
786 3448 915 3498 Albucius
935 3447 1068 3498 0101110
1088 3447 1120 3509 63
1140 3449 1163 3497 L
1183 3459 1199 3508 9
1218 3448 1247 3495 M

324 3532 479 3598 impuratum
499 3533 569 3584 bunc
587 3536 615 3585 10
633 3537 723 3587 fauces
741 3537 846 3587 inuasse
865 3537 1028 3601 animamque

328 3623 431 3672 elisisse
448 3623 490 3673 illi

176 3715 246 3778 quod
258 3714 402 3772 homicidii,
421 3714 487 3763 haec
500 3715 590 3778 quanti
602 3715 727 3765 habenda
738 3716 796 3781 sint,
817 3716 938 3766 discimus
952 3730 966 3764 e
981 3715 1034 3767 Cic.
1047 3732 1094 3781 pro
1108 3717 1210 3767 Fontei.
1222 3729 1273 3781 37:

177 3804 283 3868 ‘Ecquis
302 3821 415 3870 unquam
435 3820 503 3870 reus,
528 3807 680 3871 praesertim
699 3807 726 3855 in
745 3806 794 3855 bac
811 3807 881 3855 uitae
899 3805 999 3854 ratione
1019 3811 1163 3854 uersatus.
1183 3842 1188 3854 .
1210 3844 1215 3854 .
1235 3806 1273 3855 sic

176 3899 313 3942 accusatus
335 3902 384 3952 est,
404 3900 432 3942 ut
451 3893 551 3942 nullum
565 3895 699 3959 probrum,
718 3894 818 3945 nullum
837 3895 945 3953 facinus,
965 3894 1034 3943 nulla
1045 3894 1187 3958 turpitudo,
1206 3909 1272 3959 quae

176 3998 190 4031 a
214 3981 332 4031 lubidine
356 3988 400 4031 ant
424 3980 604 4047 apetulantia
622 3990 665 4032 aut
690 3983 724 4032 ab
748 3984 857 4032 audacia
878 3990 938 4032 nata
963 3989 1042 4042 esset,
1065 3982 1099 4031 ab
1123 3989 1272 4031 accusatore

176 4070 331 4136 obiceretur,
352 4070 374 4120 si
394 4085 448 4120 non
466 4085 539 4130 uera,
559 4079 584 4120 at
603 4072 741 4120 commode
760 4071 821 4120 ficta
840 4087 899 4121 cnm
917 4071 1005 4138 aliqua
1024 4071 1125 4122 ratione
1145 4087 1174 4121 00
1188 4071 1272 4139 suspi-

176 4154 278 4208 cione?²
300 4174 322 4208 0.
343 4174 367 4224 q.
386 4174 406 4208 s.
