2998 4744
762 265 779 324 5

218 433 341 510 laphum
355 434 515 492 incutimus
532 433 671 492 lambenti
682 435 814 493 crustula
829 430 933 493 seruo'
949 429 1006 514 (IX
1022 430 1054 512 5)
1065 430 1101 514 ¹):
1125 437 1216 496 Nonii
1225 438 1320 495 uerba

216 535 267 592 hoc
280 533 439 612 zesm'atr'n
455 543 597 612 corrupta
619 545 690 594 sunt
702 555 721 593 e
736 537 875 611 genuinis
896 536 949 593 hoc
964 534 1148 613 uociferanti
1166 555 1184 594 a
1199 539 1319 596 librario

218 637 269 712 qui
290 638 394 695 nescio
417 638 490 713 quid
512 639 553 695 de
575 637 716 713 Zephyro
739 647 835 696 uento
849 638 1020 696 somniauit.
1043 639 1142 697 Recte
1163 648 1197 696 ut
1211 640 1320 715 opinor

217 739 381 796 decurrunt
401 738 492 799 haec:
557 733 696 816 [fustem]
834 725 836 732 '

302 841 410 916 arripio
432 848 464 898 et
485 850 616 899 rostrum
640 841 806 917 labensque
828 841 889 899 hoc
909 841 1091 900 uociferanti

301 943 437 1017 percutio
460 943 632 1018 dentesque
655 943 805 1001 aduorsos
829 943 959 1001 discutio
982 945 1091 1004 omnis.

216 1041 384 1101 Uociferari
405 1044 555 1102 inuenitur
576 1046 659 1120 apud
680 1046 838 1104 Afranium
866 1048 973 1106 Attam
995 1048 1167 1106 Lucretium
1188 1049 1264 1106 alios
1287 1057 1320 1106 et

215 1151 377 1219 usurpatur
398 1145 438 1201 de
453 1145 600 1220 gallorum
622 1163 763 1204 anserum
773 1147 929 1206 hominum
941 1150 1075 1207 clamore
1088 1167 1178 1224 supra
1192 1151 1318 1206 modum

216 1252 308 1302 aucto
318 1241 359 1320 ²):
382 1247 562 1323 quatiere
587 1246 684 1306 lexica
707 1247 860 1308 consulas

315 1533 407 1594 Libro
431 1533 476 1594 IX
497 1554 525 1596 u.
550 1530 668 1610 330¹¹L
692 1551 733 1608 34
755 1534 789 1594 M
812 1537 935 1594 codices

300 1653 315 1692 s
336 1643 473 1694 nostrum
495 1645 527 1694 et
549 1636 739 1713 semigraece
761 1638 846 1714 quod
868 1636 989 1695 dicimu’
1013 1639 1110 1713 sigma

299 1736 341 1794 nil
362 1737 469 1794 erroris
492 1737 587 1795 habet
846 1737 850 1744 “

215 1837 314 1895 Multa
335 1838 438 1896 conati
458 1847 528 1896 sunt
550 1839 604 1896 uiri
626 1840 720 1909 docti,
743 1857 822 1916 quae
841 1857 905 1897 nou
927 1839 1034 1898 melius
1057 1855 1106 1896 me
1123 1857 1216 1915 posse
1238 1837 1318 1896 refu·

215 1945 281 1996 tare
303 1938 430 1996 arbitror
450 1957 542 2014 quam
564 1940 589 1998 si
604 1940 733 1998 meliora
755 1941 937 1999 substituam
959 1959 1027 1998 cum
1056 1941 1172 1998 illorum
1193 1941 1318 1997 inuenta

215 2039 325 2115 partim
345 2058 386 2097 ne
407 2040 480 2115 ipsis
501 2040 624 2116 quidem
645 2041 822 2116 placuerint.
854 2042 1012 2100 Addenda
1034 2049 1082 2098 est
1097 2041 1235 2098 nimirum
1256 2058 1317 2098 una

213 2140 324 2209 littera,
346 2148 380 2198 ut
400 2140 479 2199 haec
503 2141 579 2199 fiant

298 2257 312 2298 s
334 2250 471 2300 nostrum
494 2251 525 2300 et
541 2243 729 2318 semigraecei
747 2243 831 2319 quod
856 2240 977 2301 dicimu’
1002 2242 1098 2317 sigma

297 2342 339 2398 nil
361 2343 467 2400 erroris
492 2343 585 2401 habet

213 2444 321 2520 quibus
333 2445 433 2502 uerbis
457 2444 558 2520 lepide
575 2445 704 2504 Lucilius
728 2445 936 2520 semigraecos
959 2463 1030 2504 suos
1042 2445 1207 2521 populares
1223 2463 1317 2522 seque

212 2547 312 2621 ipsum
333 2546 416 2616 dicit,
439 2548 583 2623 quoniam
596 2547 718 2606 Graeca
739 2547 835 2605 uerba
856 2555 889 2604 ut
901 2547 998 2622 sigma
1008 2547 1125 2606 Latinis
1147 2547 1316 2606 immiscere

214 2646 388 2708 adsoleant.

314 2961 460 3018 Fortasse
487 2959 512 3017 si
535 2975 613 3035 quae
636 2959 676 3015 de
698 2978 712 3014 s
734 2959 833 3016 littera
865 2958 939 3016 dicit
960 2959 1091 3018 Lucilius
1119 2967 1205 3018 recte
1226 2960 1317 3017 inter·

213 3061 325 3137 pretati
347 3078 459 3128 sumus,
483 3078 590 3118 ansam
614 3059 696 3117 nacti
727 3077 829 3117 sumus
850 3060 896 3116 ad
917 3059 996 3118 haec
1028 3060 1210 3134 corrigenda
1237 3077 1316 3137 quae

214 3164 255 3221 de
277 3180 292 3218 r
312 3162 411 3219 littera
433 3170 573 3237 corrupte
594 3161 708 3218 tradita
730 3167 800 3218 sunt
818 3162 902 3236 apud
931 3159 999 3220 Uel.
1021 3160 1120 3235 Long.
1143 3160 1202 3217 VH
1222 3179 1251 3236 p.
1275 3175 1314 3236 47

213 3255 255 3340 (u.
278 3265 354 3334 330⁸
372 3260 397 3318 L
419 3260 463 3318 IX
488 3276 526 3335 ²9
549 3257 596 3335 M)

298 3381 317 3420 a
337 3379 371 3419 re
393 3379 457 3419 non
477 3362 602 3419 multum
625 3362 714 3418 abest
734 3361 794 3420 hoc
815 3360 1058 3435 cacosyntheton
1079 3367 1171 3436 atque
1191 3357 1301 3418 canina

298 3463 323 3520 si
343 3463 445 3537 lingua
465 3462 536 3520 dico
558 3461 630 3520 nihil
653 3463 695 3520 ad
716 3480 765 3520 me
786 3481 902 3520 nomen
925 3461 985 3520 hoc
1008 3461 1047 3519 illi
1069 3469 1118 3518 est

213 3564 320 3640 quibus
342 3564 374 3620 in
394 3563 531 3621 uersibus
554 3564 674 3622 etiamsi
696 3581 880 3622 nonomnes
896 3562 1020 3623 confido
1043 3579 1136 3638 posse
1157 3581 1176 3619 a
1198 3579 1247 3618 me
1263 3579 1315 3618 ex-

212 3665 311 3741 pediri
333 3664 537 3735 difficultates,
561 3672 665 3723 tamen
679 3665 836 3742 aliquanto
859 3665 982 3742 propius
1005 3665 1046 3722 ad
1066 3681 1171 3721 uerum
1187 3662 1314 3720 forsitan

215 3815 413 3824 -——--—

315 3903 337 3972 ι)
356 3905 440 3956 Uelut
467 3905 538 3971 apud
566 3905 672 3957 Petron.
700 3917 734 3967 90
766 3904 880 3972 ‘lapides
909 3905 936 3954 in
963 3903 1123 3969 Eumolpum
1151 3902 1315 3953 recitantem'

212 3993 326 4042 mittunt.

312 4078 337 4148 ²)
356 4079 454 4130 cornil.
473 4083 516 4133 111
536 4093 568 4133 22
598 4083 735 4134 muliebris
762 4083 915 4134 uociferatio
941 4081 1050 4149 Quintil.
1068 4081 1186 4143 111o,8
1216 4080 1314 4132 furiosa

213 4169 375 4220 uociferatio.
