2980 4752
407 914 448 986 ll.
477 915 550 987 DE
573 913 910 988 'ARGVMENTO
937 914 1067 986 LIBRI
1096 914 1121 986 Ι.

321 1123 479 1194 Tractauit
501 1137 606 1194 Lucilii
626 1135 732 1195 librum
754 1136 768 1192 l
790 1136 971 1194 Bouterwek
993 1137 1025 1194 in
1046 1136 1124 1194 Mus,
1140 1135 1240 1195 Rhen.
1250 1133 1323 1191 XXI

219 1255 248 1312 p.
272 1253 343 1313 339,
379 1255 472 1313 quem
507 1241 546 1296 de
580 1240 693 1297 eodem
721 1239 925 1314 disputaturus
962 1239 1105 1313 equidem
1143 1237 1228 1311 sequi
1261 1254 1324 1292 non

221 1354 356 1414 possum.
1260 1333 1263 1340 ’

320 1438 379 1500 Uu.
406 1457 438 1499 11
466 1441 492 1500 L
514 1458 533 1517 9
556 1443 588 1500 M
613 1460 679 1518 sqq.
704 1442 829 1500 seruatis
852 1460 900 1517 ap.
924 1442 1010 1500 Lact.
1038 1441 1132 1500 instit.
1155 1439 1199 1496 IV
1219 1454 1249 1512 3,
1277 1454 1324 1507 12,

218 1539 270 1597 ubi
292 1541 436 1615 deputer
456 1544 580 1601 nomine
604 1544 651 1600 dis
674 1542 813 1600 omnibus
841 1543 984 1619 imposito
1008 1543 1117 1618 agitur,
1146 1540 1324 1617 particulam

219 1641 367 1698 contineri
388 1644 534 1702 orationis
555 1645 586 1701 in
608 1646 735 1702 deorum
756 1644 884 1702 concilio
907 1643 1028 1701 habitae
1051 1643 1174 1718 planum
1197 1650 1254 1706 est,
1281 1641 1325 1697 in·

220 1749 335 1799 certum
357 1751 469 1812 tamen,
492 1762 656 1819 quemnam
669 1745 780 1802 talibus
803 1744 903 1801 uerbis
925 1744 1008 1819 apud
1022 1743 1208 1800 immortales
1230 1749 1326 1816 poeta

219 1843 369 1902 induxerit
394 1846 639 1904 contionantem:

1052 1953 1086 2003 ut

303 2064 394 2103 nemo
418 2047 456 2104 sit
478 2053 624 2124 nostrum,
648 2047 719 2122 quin
741 2055 795 2104 aut
814 2055 903 2122 pater
925 2043 1051 2122 optimu’
1075 2046 1178 2104 diuum

305 2155 357 2204 aut
379 2142 533 2223 Neptunu'
557 2157 653 2223 pater,
676 2147 777 2215 Liber,
801 2141 940 2206 Satumu'
964 2155 1061 2223 pater,
1083 2147 1175 2218 Mars,

303 2240 387 2306 Ianu’
411 2247 546 2320 Quirinu'
563 2256 652 2324 pater
672 2251 726 2307 siet
747 2269 782 2307 ac
804 2250 920 2306 dicatur
940 2250 980 2306 ad
1003 2267 1104 2308 unum.

220 2347 307 2405 Haec
330 2349 425 2406 uerba
446 2350 497 2427 qui
527 2350 666 2427 loquitur,
696 2351 767 2425 agit,
797 2358 831 2408 ut
853 2358 991 2426 apparet,
1021 2351 1061 2407 de
1083 2348 1324 2426 cognominibus,

221 2468 299 2527 quae
321 2452 367 2509 dis
390 2452 492 2510 solent
513 2453 619 2511 indere
642 2454 795 2514 homines:
830 2455 933 2530 itaque
964 2471 1033 2510 cum
1061 2452 1120 2510 hoc
1151 2451 1325 2527 fragmento

220 2553 312 2611 artius
335 2571 426 2629 quam
449 2553 551 2612 adhuc
572 2554 755 2613 factumest
777 2555 921 2629 coniungi
936 2561 1058 2630 oportet
1079 2573 1127 2622 ea,
1150 2572 1230 2629 quae
1242 2553 1326 2627 apud

221 2654 313 2712 Seru.v
327 2655 368 2712 ad
390 2655 468 2714 Aen.
491 2654 533 2712 111
561 2671 617 2730 119
641 2656 781 2731 leguntur
803 2650 845 2730 (u.
873 2670 908 2728 15
932 2655 957 2712 L
979 2655 1039 2712 XII
1057 2650 1101 2732 M)

305 2756 429 2830 quidam
456 2755 579 2832 pulcher
610 2757 768 2832 epitheton
791 2756 920 2831 Apollini
950 2758 1055 2813 datum
1082 2754 1325 2831 reprehendunt3
1368 2759 1373 2772 '

304 2856 444 2932 pulchros
468 2858 549 2915 enim
569 2875 587 2914 a
609 2859 764 2916 ueteribus
777 2858 918 2916 exoletos
941 2858 1050 2917 dictos.
1096 2857 1175 2915 Nam
1191 2864 1222 2912 et
1242 2857 1327 2931 apud

305 2957 450 3017 Lucilium
472 2959 583 3035 Apollo
598 2959 725 3033 pulcher
747 2959 807 3016 dici
825 2977 888 3017 non
912 2959 985 3019 uult.

223 3055 377 3126 Quoniam
400 3069 503 3118 autem
514 3061 609 3119 multo
632 3061 821 3119 uerisimilius
844 3069 892 3118 est
914 3077 1006 3117 unum
1030 3077 1069 3116 ex
1090 3059 1136 3115 dis
1152 3058 1184 3114 in
1198 3057 1327 3115 transitu

222 3157 263 3214 de
285 3157 396 3217 haere
418 3179 510 3234 agere
532 3180 625 3237 quarn
647 3162 805 3237 plures-
827 3161 899 3218 nihil
925 3161 1006 3218 enim
1025 3159 1085 3216 hoc
1108 3158 1150 3214 ad
1171 3158 1326 3215 interitum

221 3259 308 3335 Lupi,
332 3261 438 3335 quibus
464 3263 596 3320 maxime
625 3263 859 3339 cognominibus
891 3262 922 3318 di
956 3261 1231 3336 praedicentur-
1258 3258 1326 3314 illos

222 3378 343 3437 quoque
366 3379 470 3420 uersus
499 3372 560 3420 tres
584 3363 686 3420 eidem
709 3365 839 3421 tribuere
862 3362 965 3421 licebit
987 3361 1129 3436 Apollini,
1158 3378 1197 3418 eo
1228 3359 1325 3435 magis

222 3463 305 3537 quod
327 3463 420 3538 ipsius
443 3481 556 3521 nomen
577 3465 607 3520 in
635 3465 691 3522 illis
715 3482 778 3521 non
801 3463 959 3523 inuenitur.
1003 3461 1112 3538 Neque
1139 3479 1214 3519 uero
1242 3469 1326 3518 recte

223 3581 294 3620 mea
327 3564 450 3640 quidem
473 3566 625 3623 sententia
648 3567 721 3623 dicit
744 3565 924 3623 Lactantius
946 3577 1193 3640 unumquemque
1216 3581 1234 3619 a
1256 3580 1325 3637 pre-

223 3664 360 3721 cantibus
382 3673 500 3740 patrem
522 3667 655 3724 inuocari
675 3668 812 3734 deorum,
840 3666 960 3725 etiamsi
982 3665 1102 3723 Seruius
1129 3665 1175 3721 bis
1190 3657 1214 3742 ¹)
1242 3665 1326 3722 idern

224 3765 361 3825 tradidit:
385 3774 466 3824 certe
488 3779 588 3843 neque
611 3767 784 3848 Apollinem
807 3784 907 3842 neque
929 3767 1112 3824 Mercurium
1133 3766 1176 3824 ita
1198 3766 1257 3824 dici
1276 3783 1326 3823 us·

327 3975 344 4038 ¹)
366 3977 440 4026 Seru.
459 3977 493 4026 ad
511 3978 580 4026 Aen.
600 3979 614 4025 I
636 3988 683 4043 155
710 3976 794 4027 ‘Sane
817 3984 920 4026 ueteres
945 3991 1037 4026 omnes
1057 3977 1122 4026 deos
1142 3985 1230 4042 patres
1256 3976 1325 4026 dice·

224 4063 302 4113 bant'
321 4066 355 4115 ad
376 4067 473 4130 Georg.
492 4068 562 4131 114.
582 4066 673 4117 ‘Pater
692 4067 755 4116 licet
773 4066 898 4128 generale
917 4067 952 4116 sit
969 4064 1084 4115 omnium
1100 4065 1219 4132 deorum,
1238 4072 1326 4114 tamen

225 4154 331 4221 proprie
350 4155 448 4207 Libero
468 4171 572 4222 semper
591 4156 731 4207 cohaeret:
750 4170 810 4205 nam
828 4155 909 4205 Liber
927 4161 1002 4222 pater
1020 4160 1131 4203 uocatur
1138 4153 1152 4204 ’.
