2980 4752
756 263 797 321 04

230 441 410 508 sequentem
423 432 461 489 ab
478 433 551 489 urbe
565 433 765 490 reruouebant
780 434 898 490 consuli
921 434 952 490 in
975 433 1116 492 Sardinia
1139 437 1328 493 manendum

230 551 300 590 esse
316 542 469 607 rogantes,
507 532 540 591 C.
559 533 732 592 Gracchum
756 535 941 591 dissuasisse
959 534 1055 592 Penni
1073 537 1172 610 legem
1188 539 1328 594 oratione

230 651 322 708 quam
345 635 385 691 de
408 651 445 690 ea
460 635 528 708 iege
544 643 576 691 et
598 636 638 691 de
654 636 824 710 peregrinis
848 635 953 692 abillo
977 635 1112 694 habitam
1135 655 1204 694 esse
1218 639 1327 695 Festus

230 752 258 808 p.
274 733 332 790 286
357 743 541 803 auctorest,
566 743 733 811 antequam
757 736 786 791 in
811 737 999 810 prouinciam
1022 737 1140 804 abierit,
1164 739 1219 795 uiri
1242 739 1327 796 docti

230 843 383 891 statuunt:
416 837 502 910 quod
523 837 655 910 reprobo
677 835 708 909 ¹).
752 835 830 894 Nam
854 838 1020 895 aduersarii
1044 847 1206 914 tantopere
1229 841 1328 914 gauisi

231 936 403 994 Gracchum
427 939 500 994 urbe
523 931 678 1012 prohiberi
712 935 805 1012 (Plut.
830 939 845 998 Ι,
871 935 903 1012 Ι.)
937 940 1002 996 sine
1025 939 1119 996 dubio
1142 940 1252 997 callide
1274 958 1330 996 ex-

231 1045 447 1112 spectauerant
470 1039 543 1094 dum
566 1039 614 1095 ilie
637 1038 889 1115 proficisceretur.
934 1037 1026 1110 Quod
1050 1041 1149 1114 ipsum
1172 1042 1202 1096 in
1225 1042 1328 1098 uerbis

230 1137 386 1196 Ciceronis
410 1139 492 1198 Brut.
521 1155 577 1214 τοι)
614 1157 767 1214 agnosco:
801 1135 857 1200 ςΜ.
882 1139 1004 1198 Pennus
1025 1140 1126 1220 focile
1155 1143 1211 1216 (ita
1246 1145 1327 1216 cod,

231 1240 328 1298 facete
351 1235 452 1314 edin.)
476 1240 603 1314 agitauit
626 1241 656 1297 in
680 1242 845 1308 tribunatu,
870 1240 904 1299 C.
921 1241 1092 1299 Gracchum
1116 1242 1249 1316 paullum
1274 1261 1328 1298 ae·

230 1349 294 1399 tate
317 1337 545 1414 antecedensit).
592 1341 661 1397 Fuit
690 1342 771 1397 enim
793 1341 834 1401 M.
857 1342 976 1418 Lepido
1001 1343 1033 1402 L.
1057 1341 1168 1400 Oreste
1197 1344 1327 1400 consuli-

230 1443 287 1500 bus
308 1450 453 1517 quaestor
466 1441 631 1516 Gracchus,
656 1443 793 1498 tribunus
807 1437 942 1500 Pennus'
965 1461 991 1502 e.
1008 1461 1035 1518 q.
1059 1461 1082 1502 s.
1128 1444 1230 1500 Facile
1241 1445 1328 1500 nimi-

230 1561 305 1611 rum,
328 1544 398 1620 quia
422 1543 580 1601 Gracchus
604 1544 715 1600 absens
739 1545 897 1617 negotium
921 1546 949 1600 ei
971 1563 1032 1600 non
1047 1544 1211 1603 facessiuit.
1235 1547 1327 1602 Anno

230 1643 368 1719 ⁶30i1²4
392 1644 549 1702 Gracchus
570 1645 725 1701 biennium
756 1646 785 1700 in
810 1645 965 1720 prouincia
987 1655 1122 1703 moratus
1153 1644 1245 1722 (Geli.
1267 1646 1327 1702 XV

235 1739 284 1823 12)
309 1746 402 1802 iratus
434 1747 519 1821 quod
549 1745 673 1803 fallaciis
707 1747 899 1820 optimatium
934 1748 1033 1805 Roma
1062 1747 1273 1822 prohiberetur
1296 1749 1328 1803 in

228 1847 333 1903 urbem
360 1846 450 1904 rediit
476 1845 567 1923 (Plut.
592 1845 624 1906 C.
641 1847 770 1908 Gracch.
792 1851 824 1920 2)
846 1847 1019 1922 multasque
1049 1848 1206 1905 orationes
1222 1847 1328 1905 habuit

229 1946 322 2016 (Plut.
345 1948 363 2007 l.
387 1947 404 2008 l.
429 1957 460 2004 et
482 1963 511 2020 3.
536 1946 614 2007 Gell.
638 1948 655 2006 l.
672 1948 688 2006 l.
711 1947 808 2003 Meier
831 1963 873 2004 or.
891 1947 980 2007 Rom.
998 1946 1083 2020 srgm.
1103 1966 1131 2022 p.
1160 1964 1225 2023 1¹7·
1243 1943 1326 2020 118),

228 2049 306 2106 inter
326 2065 403 2124 quas
424 2066 508 2124 pono
531 2049 610 2106 illam
633 2051 673 2105 de
697 2049 764 2122 lege
780 2048 877 2104 Penni
900 2056 931 2105 et
942 2047 1126 2124 peregrinis:
1151 2049 1231 2106 hanc
1244 2050 1327 2106 enim

227 2150 327 2223 legem
349 2149 529 2224 abrogatam
552 2166 620 2206 esse
644 2149 774 2207 Gracchi
804 2150 989 2207 auctoritate
1011 2149 1062 2206 ilio
1086 2167 1167 2208 anno
1197 2159 1328 2224 apparet

228 2268 266 2306 ex
289 2248 365 2310 Plut.
389 2250 406 2309 l.
431 2250 448 2310 l.
472 2267 504 2325 3:
527 2244 562 2310 ‘O
586 2249 620 2311 δέ
643 2299 649 2312 .
674 2300 679 2311 .
704 2299 710 2311 .
734 2247 830 2326 εὐθὺς
855 2247 907 2311 ἐπὶ
929 2246 1109 2325 δημαρχίαν
1131 2245 1262 2326 ὥρμησε

228 2345 326 2427 ὄχλου
349 2349 383 2412 δέ
406 2348 566 2413 τοσούτου
582 2349 779 2430 συῤῥέοντος
804 2349 850 2428 εἰς
873 2349 931 2427 τήν
953 2349 1047 2413 πόλιν
1066 2349 1101 2412 ἐκ
1123 2351 1180 2428 τῆς
1194 2347 1325 2426 Ἰταλίας

229 2449 280 2511 καὶ
301 2448 677 2530 συναρχαιρεσιάζοντος,
701 2451 746 2529 ὡς
771 2453 905 2529 πολλοῖς
932 2451 988 2528 μὲν
1009 2449 1150 2527 οἰκήσεις
1173 2450 1326 2513 ἐπιλιπεῖν

229 2550 294 2611 κτλ.
318 2552 408 2609 Anno
420 2561 522 2608 autem
533 2551 670 2627 632J122
684 2548 784 2629 ὄχλου
797 2601 803 2613 .
818 2549 1038 2628 ,πανταχόθεν
1054 2549 1139 2632 αὐτῷ
1154 2550 1326 2628 συνιόντος

227 2645 356 2713 ἔπεισεν
378 2647 397 2725 ἡ
421 2650 518 2728 βουλὴ
542 2652 599 2714 τὸν
622 2649 746 2714 ὕπατον
768 2649 911 2713 Φάννιον
939 2649 1083 2728 ἐκβαλεῖν
1105 2651 1182 2730 τοὺς
1206 2650 1325 2728 ἄλλους

228 2750 311 2827 πλὴν
330 2747 495 2828 Ῥωμαίων
523 2749 669 2830 ἅπαντας
693 2755 757 2815 κτλ.
790 2754 862 2830 (1.1.
887 2754 936 2830 12)
969 2756 1099 2831 Appian.
1133 2757 1162 2816 b.
1187 2757 1325 2830 c.123:

228 2848 364 2929 ἡβουλὴ
388 2855 638 2931 διαταραχθεῖσα
668 2853 744 2930 τοὺς
776 2851 919 2931 ὑπάτους
955 2853 1105 2917 ἐκέλευσε
1137 2853 1326 2932 προγράψαι

228 2951 348 3028 μηδένα
370 2955 434 3015 τῶν
460 2952 499 3017 οὐ
524 2954 693 3033 φερόντων
722 2958 836 3034 ψῆφον
868 2955 1032 3033 ἐπιδημεῖν
1064 2960 1101 3038 τῇ
1131 2955 1222 3019 πόλει
1245 2956 1325 3033 μηδέ

227 3051 461 3129 προσπελάζειν
494 3053 558 3119 ἀπὸ
585 3056 832 3136 τεσσαράκοντα
855 3056 996 3120 σταδίων
1019 3056 1106 3135 παρὰ
1132 3057 1190 3134 τὴν
1212 3056 1326 3134 ἐσομέ-

327 3347 350 3417 ¹)
368 3349 448 3399 Unde
471 3348 577 3414 probari
601 3349 687 3414 possit
705 3348 733 3399 C.
760 3347 907 3399 Gracchum
935 3355 1075 3416 antequam
1103 3350 1130 3399 in
1159 3349 1324 3415 prouinciam

229 3438 324 3488 abierit
344 3439 489 3488 orationem
506 3436 582 3487 illam
600 3436 726 3486 habuisse
746 3453 799 3486 non
818 3438 908 3488 uideo.
932 3465 964 3476 -
984 3438 1124 3488 Statuerim
1148 3453 1197 3500 ego
1218 3438 1324 3503 quidem

228 3525 278 3575 sic:
302 3524 441 3574 Cornelius
466 3527 555 3590 Lupus
578 3532 695 3575 mortuus
719 3532 760 3574 est
783 3541 845 3576 uere
869 3527 928 3576 anni
953 3527 1068 3590 628l126
1093 3542 1152 3576 cum
1178 3526 1223 3576 illa
1246 3542 1324 3591 quam

228 3614 386 3680 Obsequens
405 3621 532 3664 memorat
544 3619 686 3679 tempestas
706 3622 773 3664 erat:
791 3616 878 3664 statim
896 3623 957 3682 post
976 3617 1031 3665 eius
1050 3623 1162 3664 mortem
1180 3623 1324 3664 saturarum

227 3702 352 3752 librumI
370 3701 485 3752 Lucilius
505 3701 597 3753 edidit.
634 3703 700 3752 Post
719 3703 865 3753 discessum
882 3704 994 3753 Gracchi
1012 3703 1039 3752 in
1058 3703 1202 3753 Sardiniam
1221 3711 1323 3753 senatus

227 3806 274 3856 per
292 3791 379 3855 legem
398 3791 482 3840 Penni
505 3793 659 3856 peregrinos
680 3792 749 3842 inter
777 3808 843 3857 quos
870 3799 896 3842 et
918 3797 997 3857 poeta
1021 3792 1069 3841 fuit
1096 3807 1127 3841 ex
1153 3792 1218 3842 urbe
1238 3792 1324 3842 eiecit.

228 3879 312 3943 Quam
331 3880 377 3929 diu
394 3879 445 3930 ista
470 3879 513 3928 lex
536 3878 657 3938 ualuerit,
687 3895 748 3929 num
767 3885 827 3929 ante
853 3879 966 3930 reditum
987 3880 1101 3930 Gracchi
1120 3896 1189 3930 anno
1209 3881 1324 3942 6301124

228 3969 325 4018 sactum
352 3968 479 4032 abrogata
506 3967 547 4028 sit,
577 3969 719 4020 nescimus:
747 3969 803 4018 ueri
835 3968 921 4018 simile
951 3975 1039 4018 tamen
1068 3984 1121 4018 uon
1151 3974 1197 4018 est.
1247 3968 1324 4019 eonf.

227 4055 345 4105 Fischeri
357 4055 497 4106 Zeittafeln
510 4055 543 4104 ad
558 4071 653 4105 annum
666 4055 790 4112 6281126,
810 4055 894 4105 Meier
907 4071 945 4107 or.
955 4057 1037 4106 Rom.
1049 4057 1139 4118 fragm.
1153 4071 1177 4119 p.
1195 4067 1252 4119 117.
1267 4055 1323 4106 116.

329 4143 349 4209 ²)
369 4145 441 4194 Ante
461 4143 488 4195 C.
505 4144 658 4194 Gracchum
678 4144 761 4194 uerba
780 4159 881 4194 comma
898 4144 977 4209 posui
991 4142 1157 4192 Buecbelero
1173 4149 1287 4194 auctore.
